1716 2542
709 90 812 137 lee
846 91 904 137 F
900 89 996 137 abit
1384 99 1444 140 15

246 219 437 256 auctores
477 230 618 255 sumus
663 218 802 254 tutam
849 212 909 254 ibi
958 214 1216 255 maiestatem
1264 214 1446 255 Romani
1470 233 1507 254 10

246 283 428 323 nominis
460 283 560 323 fore.
623 281 667 322 id
700 281 817 322 velut
849 281 1058 322 familiare
1089 281 1248 323 bellum
1280 283 1449 338 privato

247 355 420 406 sumptu
440 365 581 405 gerere
609 349 653 390 in
680 349 823 389 animo
851 353 939 390 est:
970 363 1034 389 res
1055 349 1228 405 publica
1248 355 1292 390 et
1313 349 1449 391 milite

248 417 333 458 illic
371 422 417 459 et
455 418 633 474 pecunia
673 417 819 457 vacet?
877 417 1041 471 gratiae
1082 418 1276 473 ingentes
1315 423 1446 461 actae.

248 486 392 527 consul
445 502 468 528 e
521 487 638 527 curia
686 501 886 541 egressuS,
937 487 1170 528 comitante
1219 487 1448 529 Fabiorum

248 556 430 611 agmine,
479 555 653 596 domum
702 554 842 596 rediit.
927 555 1026 596 iussi
1076 557 1229 598 armati
1279 562 1448 612 postero
1471 575 1507 606 15

247 624 316 666 die
354 624 410 666 ad
449 623 577 664 limen
618 623 798 664 consulis
838 623 1006 674 adesse;
1045 624 1192 666 domos
1232 625 1331 669 inde
1365 626 1447 667 dis-

248 691 416 733 cedunt.

334 759 455 801 Fabii
496 766 666 817 postero
702 760 770 801 die
811 776 929 802 arma
968 762 1171 817 capiunt3
1221 779 1307 818 quo
1349 764 1447 804 iussi

248 833 370 869 erant
397 829 665 870 conveniunt.
728 829 872 869 consul
901 829 1130 885 paludatus
1158 830 1373 885 egrediens
1404 832 1446 872 in

249 897 458 939 vestibulo
491 903 660 953 gentem
693 913 859 939 omnem
889 913 1007 939 suam
1040 898 1249 939 instructo
1280 901 1448 954 agmine
1467 915 1508 936 20

249 965 377 1007 videt.
456 970 651 1022 acceptus
691 966 735 1006 in
776 965 961 1007 medium
1009 966 1130 1021 signa
1175 967 1273 1008 ferri
1315 968 1445 1009 iubet.

249 1049 466 1090 nunquam
502 1034 708 1075 exercitus
747 1049 883 1089 neque
923 1034 1061 1075 minor
1100 1049 1274 1076 numero
1313 1051 1448 1091 neque

249 1102 400 1143 clarior
430 1102 544 1143 fama
572 1117 648 1158 per
676 1101 820 1143 urbem
854 1102 1033 1143 incessit.
1095 1118 1165 1144 sex
1196 1108 1240 1144 et
1270 1105 1447 1145 trecenti

250 1171 419 1221 milites,
440 1185 582 1211 omnes
610 1171 793 1226 patricii,
814 1185 956 1211 omnes
985 1171 1108 1211 unius
1138 1172 1290 1226 gentis,
1312 1172 1448 1223 ibant,

250 1239 412 1280 Veienti
454 1239 614 1295 populo
654 1243 813 1295 pestem
856 1239 1114 1280 minitantes
1195 1240 1449 1295 sequebatur
1469 1257 1518 1289 25*

249 1307 377 1349 turba
424 1307 567 1348 favore
615 1312 660 1348 et
707 1307 988 1348 admiratione
1037 1309 1313 1364 stupentium.
1390 1310 1448 1350 ire

249 1376 393 1426 fortes,
429 1376 488 1416 ire
522 1375 661 1416 felices
696 1375 859 1426 iubent,
892 1375 991 1416 inde
1026 1376 1168 1417 omnia
1201 1378 1389 1432 praemia
1422 1393 1448 1418 a

249 1459 304 1494 se,
340 1459 482 1484 omnes
518 1443 696 1484 honores
732 1458 909 1499 sperare.
971 1443 1072 1485 dum
1109 1445 1369 1500 Capitolium
1404 1451 1448 1487 et

249 1512 333 1553 alia
366 1512 528 1568 templa
559 1517 843 1567 praetereunt,
876 1511 976 1552 deos
1005 1518 1232 1568 precantur
1262 1518 1311 1554 ut
1341 1513 1447 1555 illud

249 1596 399 1636 agmen
429 1582 616 1622 faustum
647 1586 777 1636 atque
809 1582 911 1622 felix
938 1582 1130 1633 mittant,
1158 1587 1302 1623 tutum
1330 1583 1444 1624 brevi
1466 1586 1515 1632 30²

250 1650 292 1689 in
314 1650 495 1705 patriam
517 1650 757 1690 restituant.

308 1849 481 1902 Emploit
510 1849 568 1901 of
587 1848 651 1888 the
681 1849 817 1888 Fabii.
879 1849 943 1889 Its
971 1848 1199 1890 disastrous
1227 1851 1393 1906 ending.

337 1982 404 2023 10.
465 1981 621 2020 frustra
651 1982 798 2021 missae
833 1986 932 2022 sunt
962 1997 1114 2037 preces.
1175 1983 1331 2024 infelici
1362 1985 1444 2033 via,

249 2048 401 2088 dextro
431 2049 535 2089 Iano
565 2054 713 2104 portae
744 2050 1022 2090 Carmentalis
1047 2052 1241 2106 profecti,
1263 2052 1318 2092 ad
1347 2054 1453 2093 Cre-'

252 2131 404 2156 meram
437 2117 591 2157 flumen
623 2118 809 2158 veniunt.
870 2119 904 2158 is
935 2124 1200 2174 opportunus
1235 2121 1345 2161 visus
1380 2126 1443 2162 est

250 2183 364 2223 loeus
394 2183 620 2223 muniendo
651 2183 869 2239 praesidio.
930 2186 1045 2240 quod
1075 2187 1278 2238 Veientes,
1305 2189 1441 2228 accito
