1716 2542
256 146 283 187 2
723 141 788 185 H
792 139 980 186 oratius

254 262 508 309 decurruntg
572 262 780 317 trepidam
823 263 990 303 turbam
1033 280 1198 304 suorum
1244 265 1448 304 Horatius

257 329 370 371 videt
425 329 590 370 ordines
645 329 888 383 relinquere.
979 331 1164 385 singulos
1218 331 1447 386 alloquitur

197 416 236 437 20
254 397 424 438 obstans
466 397 801 452 imploransque:
849 398 1070 451 ‘pontem'
1110 398 1172 438 ait
1210 399 1266 438 ‘si
1307 398 1448 449 vultis,

255 466 502 520 relinquite:
536 480 633 504 mox
664 464 802 520 plures
833 465 972 506 hostes
1003 466 1046 505 in
1079 466 1292 521 Capitolio
1322 482 1447 521 quam

255 536 296 575 in
337 534 526 574 Ianiculo
567 538 703 575 erunt.
765 534 874 574 ferro
910 540 953 575 et
989 535 1076 589 igni
1112 540 1285 590 pontem
1322 536 1449 576 inter-

254 602 463 657 rumpite;
494 616 572 656 ego
594 602 801 656 impetum
824 602 1027 651 hostium,
1047 606 1254 656 quantum
1278 617 1450 658 corpore

256 687 338 711 uno
360 686 541 727 possum,
563 671 798 726 excipiam?

198 760 236 791 25
341 738 458 779 vadit
489 737 585 778 inde
615 738 658 778 in
686 738 868 793 primum
897 738 1060 779 aditum
1092 739 1247 794 pontia,
1277 739 1449 794 insignis

256 808 366 847 inter
405 811 525 861 terga
565 805 828 855 cedentium3
879 807 970 861 ipso
1013 807 1212 846 miraculo
1253 807 1450 848 audaciae

256 874 460 915 exterruit
495 874 646 914 hostes.
713 873 797 913 duo
829 874 1010 914 Romani
1048 889 1141 913 cum
1172 890 1220 914 eo
1254 889 1449 924 mansere,

257 943 430 997 Spurius
464 942 634 981 Larcius
669 957 717 982 ac
748 942 873 981 Titus
910 942 1180 988 Herminius3
1217 942 1289 996 qui
1325 942 1450 982 ambo

257 1015 377 1050 erant
418 1009 516 1049 clari
557 1024 706 1064 genere
746 1010 962 1064 factisque.
1026 1024 1119 1049 cum
1160 1009 1224 1049 his
1272 1010 1447 1064 primam

200 1100 240 1131 30
258 1078 429 1134 periculi
466 1078 688 1134 procellam
719 1077 891 1133 paulum
923 1077 1136 1118 sustinuit.
1200 1076 1350 1117 deinde
1383 1093 1450 1118 eos

257 1163 424 1203 quoque
445 1148 554 1203 ipsos=
576 1146 717 1187 cedere
738 1147 781 1186 in
807 1150 948 1186 tutum
979 1145 1142 1198 coegit3
1174 1161 1270 1185 nam
1299 1146 1452 1200 exigua

258 1219 425 1255 tantum
467 1230 562 1270 pars
601 1214 742 1270 pontis
783 1214 865 1253 iarn
914 1212 1062 1253 relicta
1102 1218 1176 1255 est.
1240 1219 1332 1255 tum
1373 1215 1449 1255 cir-

259 1282 436 1322 cumfert
475 1287 611 1322 truces
651 1281 791 1322 oculos
831 1280 885 1321 ad
933 1296 1120 1336 proceres
1161 1282 1448 1323 Etruscorum.

258 1365 368 1390 nunc
414 1349 598 1405 singulos
644 1354 860 1405 provocat,
904 1364 1014 1389 nunc
1059 1349 1248 1404 increpat
1295 1364 1448 1390 omnes.

201 1437 239 1469 35
258 1419 412 1458 ‘servi'
442 1419 582 1473 inquit
614 1422 783 1472 ‘regum
817 1416 1107 1472 superborum,
1136 1422 1294 1457 vestrae
1327 1416 1449 1458 liber-

260 1487 360 1527 tatis
382 1487 655 1535 immemores,
675 1486 853 1526 alienam
876 1486 1161 1541 oppugnatis?

344 1555 516 1611 paulum
539 1555 705 1596 Etrusci
726 1555 913 1595 cunctati
935 1559 1046 1604 sunt,
1069 1554 1168 1595 dum
1192 1555 1298 1595 alius
1320 1556 1447 1596 alium

259 1624 588 1678 circumspectat.
650 1622 786 1677 pudor
825 1620 975 1661 deinde
1016 1627 1155 1662 movet
1195 1623 1352 1669 aciem;
1393 1628 1451 1671 et,

259 1691 437 1731 clamore
477 1690 658 1740 sublato,
693 1689 878 1744 undique
914 1689 956 1728 in
994 1704 1121 1729 unum
1162 1689 1324 1729 hostem
1366 1689 1452 1729 tela

201 1774 242 1803 40
261 1758 430 1798 iaciunt.
492 1772 598 1811 quae
634 1760 785 1796 cuncta
820 1756 862 1795 in
894 1760 1012 1795 scuto
1042 1755 1283 1802 haeserunt;
1317 1770 1451 1810 neque

260 1825 329 1864 ille
347 1825 481 1864 minus
498 1824 735 1864 obstinatus
752 1824 913 1878 ingenti
930 1823 1063 1878 gradu
1079 1828 1250 1878 pontem
1269 1821 1446 1863 obtinet.

260 1893 341 1931 iam
390 1892 527 1932 hostes
575 1892 737 1946 inipetu
783 1895 990 1931 conantur
1036 1889 1257 1930 detrudere
1302 1889 1446 1929 virum.

261 1960 356 1999 dein
388 1959 509 1999 simul
541 1960 682 2014 fragor
712 1960 827 2015 rupti
858 1959 999 2015 pontis
1028 1958 1264 2011 clamorque
1294 1958 1448 1996 Ronla-

262 2043 407 2067 norum
450 2043 601 2082 pavore
647 2027 788 2067 subito
828 2028 1032 2082 impetum
1077 2026 1288 2065 sustinuit.
1357 2029 1447 2064 tum

203 2112 243 2142 45
263 2095 404 2134 Cocles
438 2095 659 2135 ‘Tiberine
696 2096 841 2149 pater,7
877 2095 1017 2149 inquit
1053 2098 1121 2133 ‘te
1157 2107 1312 2146 precor,
1349 2092 1449 2131 haec

262 2179 377 2203 arma
398 2168 440 2203 et
469 2163 579 2202 hunc
607 2163 784 2202 militem
813 2162 999 2216 propitio
1027 2160 1197 2200 flumine
1224 2159 1450 2213 accipias!'

265 2231 326 2270 ita
361 2231 417 2270 sic
456 2235 641 2271 armatus
677 2230 719 2269 in
760 2230 946 2269 Tiberim
988 2227 1182 2275 desiluit3
1224 2227 1450 2282 multisque
