1716 2542
701 130 995 177 Coriolanus
1388 137 1409 178 1
1422 137 1444 177 1

292 328 387 368 Plot
417 327 471 381 (ff
494 327 738 368 Coriolanus
768 327 854 366 and
883 326 1026 367 Attius
1060 327 1236 366 Tullius.
1302 326 1418 380 They]

395 396 544 435 invade
576 395 752 434 Latium.
814 395 939 435 Rome
968 409 1058 435 sues
1069 394 1157 448 jor
1178 409 1314 449 peace.

341 532 380 574 7.
441 530 669 572 credebant
692 530 805 571 haud
829 530 948 570 facile
969 531 1052 571 suis
1073 530 1311 586 persuaderi
1333 545 1451 585 posse

256 605 305 640 ut
326 614 464 640 rursus
479 614 597 640 arma
612 603 836 654 caperent;
857 598 1003 639 multis
1019 614 1140 654 saepe
1156 598 1275 640 bellis
1297 598 1451 639 fractos

255 667 427 722 spiritus
466 682 576 715 esse;
616 671 707 707 arte
742 666 952 721 agendum
988 681 1073 707 esse
1114 671 1163 708 ut
1198 666 1354 707 recenti
1390 666 1453 706 ira

255 735 584 776 stimularentur.
665 734 755 775 ludi
796 735 906 775 forte
947 734 1088 789 magni
1129 735 1291 775 Romae
1330 749 1451 789 para—

255 803 424 845 bantur.
500 808 550 844 ut
598 803 748 843 fierent
796 817 923 858 quam
973 802 1236 858 amplissimi,
1285 807 1453 843 senatus

254 871 450 912 decrevit.
529 870 585 911 ad
624 885 694 911 eos
739 869 873 920 ludos,
914 875 1085 911 auctore
1125 871 1254 911 Attio
1294 870 1452 920 Tullio,

256 940 316 980 vis
349 954 503 994 magna
532 939 775 980 Volscorum
806 939 934 980 venit.
996 940 1239 995 priusquam
1271 938 1452 980 celebra-

256 1009 414 1050 bantur
458 1008 563 1059 ludi,
604 1008 674 1049 ille
721 1008 776 1049 ad
817 1007 1004 1049 consules
1044 1008 1187 1057 venit3
1236 1008 1293 1048 sic
1337 1007 1451 1048 domi

256 1076 535 1132 compositum
587 1090 680 1116 cum
733 1074 959 1116 Coriolano
1009 1076 1159 1116 fuerat.
1239 1075 1346 1116 dicit
1395 1075 1452 1116 eis

256 1159 340 1184 esse
380 1159 487 1199 quae
527 1148 685 1184 secreto
724 1159 847 1198 agere
887 1143 1001 1184 velit.
1065 1143 1275 1184 ‘invitus'
1310 1143 1452 1198 inquit

256 1211 334 1252 ‘de
365 1212 466 1252 meis
496 1211 655 1253 civibus
687 1211 850 1267 loquor.
912 1227 997 1252 non
1032 1217 1176 1252 tamen
1211 1216 1452 1252 accusatum

258 1280 393 1330 venio,
423 1279 495 1321 sed
525 1284 696 1320 cautum
728 1295 780 1320 ne
810 1285 994 1335 peccent.
1056 1280 1180 1321 nimis
1213 1285 1451 1321 nostrorum

258 1350 427 1405 ingenia
465 1354 564 1398 sunt
605 1348 789 1390 mobilia.
853 1349 998 1390 multis
1045 1349 1089 1390 id
1130 1349 1317 1391 cladibus
1363 1366 1454 1391 sen-

257 1418 412 1468 simus;
452 1433 537 1458 non
577 1423 723 1459 nostro
764 1419 928 1470 merito,
964 1418 1037 1459 sed
1072 1424 1210 1460 vestra
1243 1418 1454 1475 patientia

257 1486 484 1527 incolumes
513 1502 676 1528 sumus.
758 1502 911 1542 magna
950 1487 1019 1528 hic
1058 1502 1169 1528 nunc
1209 1487 1451 1528 Volscorum

258 1556 491 1598 multitudo
511 1562 600 1605 est3
630 1556 720 1597 ludi
748 1561 875 1604 sunt;
904 1556 961 1597 eis
989 1556 1157 1597 intenta
1183 1557 1331 1598 civitas
1358 1558 1449 1599 erit.

258 1624 428 1664 memini
456 1623 562 1679 quid
587 1639 663 1679 per
688 1623 810 1664 ludos
830 1639 856 1664 a
883 1624 1103 1665 iuventute
1131 1623 1381 1666 Sabinorum
1409 1626 1453 1666 in

258 1693 336 1734 hac
375 1693 479 1734 urbe
518 1693 678 1733 factum
718 1693 785 1734 sit.
847 1693 992 1734 horret
1037 1694 1214 1744 animus,
1255 1710 1307 1736 ne
1350 1695 1450 1750 quid

257 1766 414 1802 temere
447 1761 535 1802 fiat.
597 1762 712 1812 haec,
745 1761 946 1812 consules,
981 1763 1097 1818 prius
1138 1763 1242 1803 mihi
1278 1763 1454 1804 dicenda

259 1833 375 1869 ratus
414 1843 518 1869 sum.
580 1829 682 1868 mihi
727 1829 941 1884 extemplo
987 1829 1085 1870 hinc
1125 1829 1296 1870 domum
1338 1830 1453 1872 abire

260 1897 302 1937 in
323 1896 466 1937 animo
493 1901 582 1945 est;
623 1896 721 1936 nolo
743 1898 845 1938 facti
873 1902 951 1937 aut
977 1897 1081 1938 dicti
1110 1898 1235 1954 culpa
1261 1914 1453 1954 praesens

259 1964 434 2005 violari)

344 2033 446 2074 haec
466 2032 632 2074 locutus
651 2033 818 2075 Tullius
838 2034 958 2076 abiit.
1021 2034 1207 2076 consules
1231 2036 1285 2076 ad
1314 2041 1453 2092 patres

260 2116 345 2141 rem
381 2100 582 2142 detulere.
643 2102 887 2158 factumque
921 2109 1089 2144 senatus
1121 2104 1373 2154 consultum,
1404 2110 1454 2146 ut

260 2168 362 2208 urbe
382 2169 629 2210 excederent
652 2170 802 2211 Volsci.
864 2187 1086 2226 praecones
1110 2173 1357 2223 mittuntur,
1379 2173 1451 2228 qui

261 2251 402 2276 omnes
422 2251 491 2276 eos
512 2238 714 2292 proficisci
735 2244 834 2279 ante
854 2244 1019 2280 noctem
1042 2239 1245 2281 iuberent.
1308 2241 1453 2296 ingens

1471 815 1489 848 5

1474 1161 1513 1183 10

1475 1504 1511 1537 ¹5

1471 1849 1512 1871 20

1471 2191 1512 2222 25
