1716 2542
696 145 902 193 Mucius
1366 157 1393 197 3

201 269 481 311 incidentibus
529 269 636 318 telis,
683 267 901 308 incolumis
951 267 1005 308 ad
1053 283 1148 308 suos
1194 269 1392 310 tranavit.

199 354 283 379 rem
307 354 430 379 ausus
446 343 536 379 erat
559 338 652 394 plus
668 337 804 378 famae
819 336 1060 378 habituram
1079 337 1193 392 apud
1209 342 1397 393 posteros

199 421 325 461 quam
363 406 472 447 fidei.
533 410 656 461 grata
686 420 785 460 erga
819 409 986 446 tantam
1018 405 1218 446 virtutem
1249 406 1397 446 civitas
1417 420 1458 452 50

199 476 307 516 fuit:
336 480 480 516 statua
501 475 544 515 in
567 475 753 515 Comitio
774 474 914 529 posita
935 479 1024 523 est3
1053 489 1165 529 ager,
1187 479 1393 530 quantum

199 558 284 584 uno
305 543 373 585 die
394 543 702 592 circumaravit,
724 541 848 583 datus
869 547 943 583 est.

536 745 626 786 The
655 750 768 800 story
797 745 852 800 of
872 745 1052 786 Maeaeius.

285 884 322 926 2.
385 884 611 931 Porsenna,
624 882 762 937 primo
776 886 928 922 conatu
948 881 1127 938 repulso,
1142 881 1394 938 praesidium

199 951 242 991 in
260 950 450 991 Ianiculo
466 949 634 991 locavit.
687 951 774 1005 ipse
796 951 839 990 in
860 965 1010 1006 campo
1031 950 1216 1006 ripisque
1231 950 1396 991 Tiberis

199 1023 335 1060 castra
362 1019 516 1075 posuit.
578 1033 703 1059 naves
730 1019 858 1059 etiam
890 1018 1078 1074 undique
1108 1018 1306 1073 collegit;
1335 1019 1397 1059 ita

199 1088 457 1128 frumentum
489 1088 670 1127 Romam
702 1086 796 1127 vehi
827 1086 1059 1142 prohibuit.
1122 1085 1304 1126 sedendo
1329 1101 1397 1126 ur-

199 1155 293 1196 bem
328 1170 369 1196 se
405 1160 746 1210 expugnaturum
780 1169 864 1195 esse
905 1154 1113 1210 sperabat.
1175 1153 1247 1194 sed
1288 1155 1398 1195 Gaio
1418 1172 1436 1204 5

199 1222 359 1272 Mucio,
381 1221 514 1263 nobili
536 1221 807 1272 adolescenti,
826 1222 906 1262 hoc
931 1221 1152 1276 indignum
1175 1221 1399 1262 videbatur

199 1290 358 1347 populo
372 1291 578 1332 Romano.
641 1291 786 1346 itaque
802 1305 956 1344 magno
969 1290 1202 1345 audacique
1216 1290 1398 1330 facinore

199 1358 304 1399 talia
338 1357 590 1398 vindicanda
624 1372 709 1398 esse
748 1362 876 1398 ratus.
957 1357 1095 1413 primo
1135 1372 1209 1397 sua
1248 1362 1398 1412 sponte

199 1431 419 1483 penetrare
469 1426 513 1466 in
563 1431 702 1467 castra
745 1426 932 1467 hostium
984 1425 1220 1468 constituit.
1300 1426 1397 1469 dein

199 1495 354 1536 metuit
392 1510 444 1536 ne
484 1494 594 1535 forte
634 1499 783 1551 captus
830 1510 856 1536 a
895 1493 1140 1536 custodibus
1180 1495 1398 1546 Romanis,
1421 1516 1459 1539 10

198 1568 249 1604 ut
278 1563 513 1618 transfuga,
542 1563 838 1605 retraheretur.
901 1567 1093 1604 senatum
1124 1563 1258 1618 igitur
1291 1563 1396 1605 adit.

200 1632 401 1673 ‘transire
436 1631 654 1681 Tiberim,'
689 1631 832 1687 inquit
862 1635 1043 1688 ‘patreS‚
1078 1635 1123 1672 et
1156 1631 1328 1683 intrare,
1364 1633 1396 1672 si

199 1715 381 1756 possum,
422 1703 559 1740 castra
598 1699 786 1740 hostium
828 1699 935 1740 volo.
997 1714 1082 1739 non
1123 1698 1280 1755 praedo
1327 1699 1398 1741 ibo

199 1783 274 1809 nec
305 1767 630 1824 populationum
663 1767 789 1809 ultor.
852 1768 999 1818 maius,
1025 1768 1058 1808 si
1089 1767 1133 1808 di
1164 1768 1326 1819 iuvant,
1354 1769 1396 1809 in

199 1838 342 1877 animo
372 1841 435 1878 est
464 1836 652 1877 facinus?
1421 1853 1457 1886 15

285 1904 527 1960 approbant
548 1908 706 1960 patres:
734 1905 917 1954 Mucius,
937 1904 1086 1945 abdito
1108 1906 1222 1946 intra
1242 1910 1396 1946 vestem

200 1972 322 2021 ferro,
339 1972 629 2028 proficiscitur.
691 1971 763 2013 ubi
787 1972 830 2012 in
852 1976 988 2012 castra
1005 1972 1134 2024 venit,
1150 1973 1192 2013 in
1216 1973 1398 2013 maxima

200 2039 327 2080 turba
347 2055 479 2095 prope
500 2040 661 2094 regium
684 2039 873 2080 tribunal
895 2041 1101 2082 constitit.
1163 2040 1224 2081 ibi
1241 2041 1397 2096 stipen-

199 2106 317 2147 dium
358 2107 565 2148 militibus
600 2108 711 2147 forte
746 2107 940 2148 dabatur.
1003 2108 1139 2149 scriba
1173 2124 1267 2149 cum
1304 2124 1399 2164 rege

201 2173 357 2223 sedens,
388 2175 479 2229 pari
510 2175 595 2214 fere
626 2179 793 2224 ornatu,
826 2175 963 2216 multa
996 2175 1181 2229 agebat3
1219 2191 1398 2231 eumque
1417 2190 1459 2214 20

203 2240 356 2281 milites
376 2241 504 2296 vulgo
524 2241 715 2283 adibant.
778 2243 945 2283 Mucius
972 2244 1095 2284 timet
1122 2259 1282 2299 rogare,
1305 2250 1399 2285 uter

1189 2328 1290 2365 1—2
