1716 2542
723 94 950 142 Fidenae
1371 102 1393 143 1
1402 104 1430 144 9

238 232 333 258 esse.
407 216 673 266 Tolumnius,
718 215 908 271 quamvis
954 231 1123 256 suorum
1171 216 1304 271 magis
1353 216 1431 257 sibi

238 285 451 340 placerent
498 284 684 335 consilia,
725 289 894 340 postero
941 283 1008 324 die
1058 300 1099 324 se
1142 289 1431 340 pugnaturum

237 353 381 403 edicit,
411 353 567 394 veritus
597 367 649 393 ne
679 368 720 393 se
750 351 986 393 desererent
1016 352 1177 394 Falisci.
1453 366 1488 400 15

323 420 524 461 dictatori
575 425 620 461 et
668 420 886 469 Romanis,
941 434 1036 460 cum
1085 420 1248 460 hostem
1299 420 1432 461 vitare

237 503 423 544 pugnam
446 488 648 538 viderent,
670 487 799 528 animi
828 502 1056 536 accessere,
1085 492 1337 544 posteroque
1364 488 1432 529 die

237 556 392 596 milites
412 561 549 596 castra
568 555 797 610 urbemque
817 570 859 595 se
886 560 1206 611 oppugnaturos
1233 555 1432 606 clamant,

236 623 316 663 nisi
346 624 469 678 copia
498 638 664 679 pugnae
695 623 780 662 fiat.
844 622 907 662 ita
936 622 1150 677 utrimque
1180 623 1286 663 acies
1322 624 1433 664 inter

236 690 336 732 bina
351 697 487 732 castra
499 692 542 732 in
556 691 740 732 medium
754 707 947 747 campum
963 691 1208 747 procedunt.
1270 692 1431 741 Veiens,
1450 705 1490 728 20

235 759 510 801 multitudine
545 759 779 810 abundans,
819 760 974 801 milites
1013 765 1110 816 post
1150 765 1313 801 montes
1353 762 1430 802 cir-

235 828 460 880 cummisit,
480 829 553 884 qui
575 829 687 870 inter
706 843 892 885 pugnam
915 834 1051 869 castra
1071 830 1265 869 Romana
1284 845 1430 885 aggre-

233 895 444 937 derentur.
506 897 636 937 trium
677 896 930 952 populorum
967 897 1171 937 exercitus
1211 898 1274 938 ita
1309 900 1431 940 stetit

233 964 475 1015 instructus,
508 969 557 1005 ut
586 964 783 1005 dextrum
819 980 948 1005 cornu
980 965 1183 1016 Veientes,
1214 966 1427 1007 sinistrum

232 1032 382 1073 Falisci
404 1038 610 1083 tenerent,
633 1033 760 1074 medii
785 1034 1009 1075 Fidenates
1035 1039 1182 1075 essent.
1244 1034 1430 1076 dictator
1447 1051 1485 1084 ²5

232 1099 382 1141 dextro
427 1116 555 1141 cornu
595 1101 790 1142 adversus
838 1101 1033 1152 Faliscos,
1072 1103 1241 1143 sinistro
1281 1108 1429 1144 contra

235 1168 424 1209 Veientes
445 1169 710 1224 Capitolinus
733 1170 954 1219 Quinctius
978 1170 1127 1211 intulit
1155 1172 1300 1227 signa;
1328 1177 1428 1213 ante

232 1235 410 1276 mediam
452 1238 582 1277 aciem
624 1251 717 1277 cum
758 1237 954 1292 equitatu
995 1239 1196 1293 magister
1235 1239 1426 1295 equitum

230 1304 442 1358 processit.
531 1319 757 1359 parumper
806 1304 1020 1345 silentium
1070 1310 1113 1346 et
1162 1307 1279 1361 quies
1328 1307 1424 1348 fuit.

229 1372 412 1422 Etrusci,
443 1372 522 1412 nisi
553 1377 816 1427 cogerentur,
848 1388 1034 1429 pugnam
1066 1374 1172 1414 inire
1202 1375 1424 1424 nolebant;
1445 1393 1486 1425 30

227 1437 414 1480 dictator
426 1455 560 1480 arcem
574 1440 810 1480 Romanam
824 1440 1086 1496 respiciebat,
1099 1440 1232 1482 donec
1247 1457 1424 1497 augures

227 1506 392 1561 signum
433 1507 644 1558 tollerent,
685 1523 779 1548 aves
819 1523 1005 1564 pugnam
1052 1509 1133 1550 rite
1176 1510 1420 1565 permisisse.

227 1573 342 1628 quod
367 1573 441 1615 ubi
469 1575 702 1630 conspexit,
728 1576 885 1631 primos
912 1577 1087 1631 equiteS,
1116 1576 1296 1618 clamore
1326 1578 1422 1619 sub-

226 1640 329 1691 lato,
350 1641 394 1681 in
410 1642 573 1682 hostem
589 1643 748 1691 emisit;
768 1648 911 1683 secuta
926 1643 1118 1698 peditum
1135 1645 1242 1685 acies
1258 1645 1421 1700 ingenti

227 1709 266 1748 vi
302 1709 504 1751 conflixit.
566 1711 683 1751 nulla
717 1716 838 1767 parte
873 1711 1057 1766 legiones
1098 1714 1301 1754 Etruscae
1336 1729 1422 1755 sus·
1439 1734 1478 1768 35

226 1777 388 1818 tinuere
437 1779 644 1833 impetum
694 1780 1010 1829 Romanorum3
1060 1796 1185 1836 eques
1242 1783 1422 1823 maxime

225 1845 459 1896 resistebat,
479 1847 756 1903 equitumque
780 1847 905 1903 longe
935 1848 1187 1890 fortissimus
1218 1851 1306 1906 ipse
1335 1866 1422 1901 rex,

224 1918 371 1954 contra
425 1920 642 1970 sequentes
696 1917 890 1972 equitans
945 1919 1173 1970 Romanos,
1225 1919 1423 1961 trahebat

223 1986 445 2024 certamen.
