1716 2542
730 93 957 141 Fidenae
1379 100 1404 141 2
1413 100 1434 141 1

240 230 332 255 cum
356 214 511 255 triariis
539 218 710 269 repente
738 214 915 255 invadit.
975 230 1061 270 quo
1089 230 1243 271 pavore
1271 215 1439 264 iniecto,

239 282 382 323 caedes
405 283 554 332 minor,
577 283 678 337 quia
697 282 913 338 pauciores
933 288 1068 332 erant,
1084 283 1186 337 fuga
1201 298 1284 323 non
1303 283 1440 322 minus

240 351 406 407 trepida
426 367 553 407 quam
576 352 619 392 in
639 351 726 392 acie
747 351 842 392 fuit.
1457 373 1499 405 30

325 421 519 462 omnibus
550 420 651 460 locis
681 436 724 460 re
756 419 861 461 bene
893 425 1024 476 gesta,
1056 421 1243 462 dictator
1272 425 1438 461 senatus

239 489 431 530 consulto
472 490 666 545 iussuque
706 489 855 545 populi
896 490 1163 545 triumphans
1203 490 1246 530 in
1293 489 1437 530 urbem

239 547 377 598 rediit.
441 557 566 612 longe
616 557 846 597 maximum
896 558 1103 613 triumphi
1154 557 1437 613 spectaculum

239 625 326 671 fuit*
358 626 506 665 Cossus
541 625 677 680 spolia
710 625 854 681 opima
888 617 996 680 regis
1031 625 1242 666 interfecti
1279 640 1436 680 gerens.

239 693 281 733 in
309 708 403 734 eum
433 693 587 735 milites
615 694 800 735 carmina
827 694 1058 745 incondita,
1087 699 1315 750 aequantes
1343 709 1436 734 eum
1457 710 1496 742 35

238 762 438 816 Romulo,
477 778 634 804 canere.
696 763 832 819 spolia
877 763 920 803 in
962 762 1062 804 aede
1104 763 1214 803 Iovis
1260 763 1436 803 Feretrii

237 846 369 887 prope
390 825 563 872 Romuli
585 832 733 888 spolia,
755 846 863 887 quae
887 832 1026 887 prima
1053 832 1196 888 opima
1222 831 1438 887 appellata

237 899 326 940 sola
355 916 404 940 eo
435 904 625 956 tempore
655 905 789 951 erant,
821 915 915 941 cum
946 900 1136 946 sollemni
1173 900 1438 941 dedicatione

237 967 350 1008 dono
377 968 483 1009 fixit.
545 973 838 1024 averteratque
865 969 908 1009 in
937 984 979 1009 se
1008 984 1034 1010 a
1064 985 1186 1010 curru
1217 969 1438 1011 dictatoris

238 1036 391 1076 civium
427 1051 513 1086 ora,
554 1041 598 1077 et
636 1037 795 1091 gloriae
835 1037 922 1077 eius
957 1036 1040 1077 diei
1081 1037 1266 1078 fructum
1306 1053 1437 1094 prope
1455 1055 1497 1081 4ο

237 1103 347 1144 solus
388 1103 556 1145 tulerat.
618 1104 806 1146 dictator
839 1120 1034 1145 coronam
1076 1121 1245 1146 auream
1285 1105 1436 1151 libram

238 1172 380 1228 pondo
396 1187 447 1213 ex
467 1172 638 1228 publica
659 1174 836 1228 pecunia
856 1173 1005 1229 populi
1026 1174 1139 1214 iussu
1162 1175 1204 1214 in
1221 1174 1437 1229 Capitolio

239 1241 329 1280 Iovi
350 1240 507 1281 donum
530 1242 683 1297 posuit.

318 1443 509 1484 Renewal
537 1442 595 1496 ‘ff
613 1442 678 1483 the
709 1457 805 1482 war.
870 1442 1052 1496 Capture
1081 1440 1139 1494 of
1158 1442 1350 1482 Fidenae.

325 1568 391 1617 14.
449 1575 643 1631 proximo
656 1590 768 1615 anno
781 1574 988 1615 exercitus
1002 1575 1044 1614 in
1058 1589 1207 1629 agrum
1221 1575 1435 1616 Veientem

237 1660 285 1685 ac
315 1643 523 1684 Faliscum
553 1643 699 1692 ducti3
739 1642 896 1699 praeda
930 1643 1083 1684 abacta
1114 1643 1334 1684 hominum
1365 1659 1436 1700 pe-

238 1727 476 1769 corumque.
548 1711 682 1752 hostis
731 1711 776 1751 in
825 1710 936 1765 agris
985 1725 1191 1765 nusquam
1242 1711 1437 1769 inventus

237 1797 372 1837 neque
411 1779 628 1837 pugnandi
664 1779 787 1835 copia
821 1779 945 1821 facta.
1007 1779 1130 1820 urbes
1169 1784 1311 1820 tamen
1352 1795 1435 1820 non

238 1853 523 1908 oppugnatae,
536 1849 638 1904 quia
652 1847 896 1904 pestilentia
912 1849 1093 1888 Romam
1111 1848 1276 1889 invasit.
1340 1864 1437 1889 mox
1457 1864 1474 1898 5
1489 1882 1492 1884 .

238 1920 299 1960 vis
320 1919 455 1960 morbi
478 1919 764 1972 ingravescens
785 1916 980 1958 omnibus
1008 1931 1129 1957 curae
1156 1921 1263 1967 erat,
1283 1921 1436 1958 terror-

238 2003 362 2043 esque
397 2002 446 2027 ac
475 1985 684 2043 prodigia,
718 1984 898 2025 maxime
928 1983 1043 2040 quod
1074 1984 1219 2025 multis
1250 1985 1437 2026 motibus

238 2061 374 2097 terrae
404 2070 522 2096 ruere
553 2055 596 2094 in
629 2054 740 2108 agris
775 2053 1087 2094 nuntiabantur
1120 2058 1247 2094 tecta.
1309 2055 1436 2109 pesti-

238 2125 393 2166 lentior
423 2123 519 2164 inde
549 2138 682 2163 annus
713 2122 824 2163 Gaio
855 2121 965 2162 Iulio
995 2126 1039 2162 et
1074 2122 1208 2161 Lucio
1239 2123 1437 2177 Verginio

239 2192 489 2234 consulibus.
550 2195 720 2231 tantum
768 2190 980 2231 vastitatis
1027 2189 1196 2230 morbus
1243 2190 1286 2230 in
1335 2191 1437 2231 urbe
1460 2211 1497 2233 ιο
