1716 2542
0 2139 10 2542 πζ--ῇ
2 1467 7 2133 —ffi——Q
0 0 6 1461 -Μ

719 105 948 153 Fidenae
1367 115 1427 156 23

233 239 375 265 aversa
415 228 535 279 parte
585 223 712 274 urbis,
757 225 937 265 maxime
980 226 1172 280 neglecta
1217 227 1318 281 quia
1357 242 1431 267 sua

233 296 386 332 natura
421 291 634 332 tutissima
664 296 767 343 erat,
799 307 921 347 agere
951 293 994 334 in
1025 308 1159 333 arcem
1192 293 1429 334 cuniculum

234 359 436 401 instituit.
497 359 586 415 ipse
615 359 787 400 diversis
817 360 917 401 locis
948 360 1064 402 subit
1092 361 1147 402 ad
1178 362 1355 412 moenia,
1386 362 1428 402 in

232 432 440 483 quattuor
478 432 618 484 partes
665 427 807 469 divisis
849 428 1067 479 militibus,
1109 429 1181 484 qui
1222 429 1294 470 alii
1338 429 1429 470 aliis

234 495 501 537 succederent
521 496 575 536 ad
596 511 795 552 pugnam.
856 497 914 537 sic
934 497 1128 552 proximo
1148 496 1216 538 die
1236 513 1284 538 ac
1307 502 1429 539 nocte
1447 515 1487 546 45

233 563 392 620 proelio
432 579 458 604 a
500 578 620 605 sensu
660 564 796 620 operis
835 563 974 605 hostes
1014 564 1245 616 avertebat,
1285 565 1428 617 donec,

233 630 417 687 perfosso
445 645 472 671 a
499 630 644 671 castris
670 635 829 681 monte,
853 635 991 672 erecta
1020 631 1064 672 in
1091 647 1226 673 arcem
1256 633 1322 673 via
1352 639 1427 683 est,

233 699 490 754 intentisque
517 698 707 739 Etruscis
733 698 789 739 ad
809 714 935 739 vanas
963 699 1096 740 minas
1121 700 1277 741 clamor
1303 716 1428 757 supra

232 772 361 824 caput
380 767 545 808 hostilis
566 771 735 822 captam
757 766 902 808 urbem
924 767 1118 808 ostendit.

385 942 514 996 After
544 956 570 981 a
601 947 711 981 truce
742 956 828 981 τοίη·
858 941 1000 982 breaks
1029 947 1098 981 out
1129 943 1270 997 again.

319 1054 385 1095 15.
447 1057 537 1094 tum
569 1052 760 1093 indutiae
788 1053 924 1093 factae
951 1056 1075 1101 sunt;
1106 1052 1176 1094 sed
1196 1058 1294 1094 ante
1315 1053 1424 1094 diem

235 1121 428 1162 Veientes
478 1120 740 1162 rebellavere.
806 1120 990 1177 legiones
1040 1122 1256 1162 Romanae
1306 1123 1426 1162 Veios

231 1191 445 1246 profectae
485 1194 594 1231 sunt.
663 1205 730 1230 eas
769 1190 909 1231 hostes
949 1191 1133 1231 invasere
1174 1195 1423 1247 opportune.

232 1264 369 1300 castra
382 1259 623 1315 propinqua
638 1258 833 1300 turbatos
846 1274 894 1300 ac
915 1264 1035 1314 terga
1050 1259 1199 1300 dantes
1215 1275 1426 1317 accepere;

232 1328 377 1382 itaque
406 1326 502 1382 plus
524 1326 779 1382 ignominiae
807 1342 933 1382 quam
963 1327 1091 1368 cladis
1112 1333 1175 1369 est
1194 1333 1423 1384 acceptum.
1448 1347 1464 1380 5

232 1401 390 1437 maesta
421 1396 568 1437 civitas
598 1396 682 1436 fuit
712 1395 821 1436 vinci
852 1396 1042 1445 insueta3
1083 1402 1262 1453 poscunt
1293 1397 1426 1439 dicta-

231 1469 380 1505 torem.
442 1465 680 1504 Mamercus
712 1463 919 1504 Aemilius
954 1463 1141 1505 dictator
1170 1464 1308 1505 dictus
1338 1470 1427 1515 est;

231 1533 304 1587 qui
333 1532 574 1573 Cornelium
603 1533 776 1573 Cossum
805 1533 1053 1588 magistrum
1082 1533 1273 1589 equitum
1301 1533 1423 1576 dixit.

232 1601 437 1651 Veientes,
457 1616 502 1642 re
522 1599 702 1641 secunda
721 1599 837 1650 elati,
853 1601 1007 1641 circum
1028 1601 1207 1656 populos
1228 1602 1426 1642 Etruriae

231 1667 394 1722 legatos
425 1668 590 1715 misere3
625 1668 698 1707 uni
730 1667 999 1708 Fidenatium
1035 1668 1194 1723 populo
1225 1668 1425 1709 rebellare
1448 1686 1486 1707 10

232 1735 405 1791 placuit.
467 1740 516 1775 ut
551 1735 787 1789 legatorum
820 1740 959 1786 antea,
995 1736 1058 1776 ita
1093 1740 1183 1776 tum
1221 1751 1424 1777 novorum

233 1805 476 1845 colonorum
517 1803 640 1844 caede
679 1803 856 1845 imbutis
890 1804 1028 1854 armis,
1064 1804 1305 1846 Veientibus
1340 1821 1425 1847 sese

233 1872 507 1926 coniungunt.
588 1871 799 1912 consulere
845 1871 942 1912 inde
990 1873 1197 1928 principes
1244 1873 1423 1915 duorum

232 1939 500 1995 populorum,
517 1939 638 1979 Veios
659 1955 712 1979 an
734 1939 912 1980 Fidenas
933 1940 1070 1981 sedem
1092 1940 1192 1982 belli
1214 1947 1422 1997 caperent.

233 2006 415 2047 Fidenae
464 2006 574 2046 visae
625 2007 972 2062 opportuniores;
1038 2008 1196 2062 itaque,
1247 2009 1424 2050 traiecto
1447 2026 1482 2059 15

232 2074 391 2123 Tiberi,
424 2073 616 2113 Veientes
647 2073 824 2114 Fidenas
855 2074 1164 2115 transtulerunt
1195 2074 1363 2118 bellum.

320 2144 478 2182 Romae
514 2146 650 2182 terror
679 2142 825 2196 ingens
856 2147 958 2184 erat.
1019 2144 1154 2184 accito
1185 2145 1369 2185 exercitu
1399 2161 1424 2186 a

236 2211 357 2259 Veiis,
378 2198 514 2250 castra
535 2209 728 2250 locantur
747 2215 846 2250 ante
875 2215 1041 2265 portam
1065 2211 1287 2262 Collinam,
1308 2218 1352 2254 et
1379 2214 1420 2253 in
