1716 2542
760 115 985 163 Fidenae
1401 124 1460 164 25

269 238 425 278 iniussu
447 253 631 293 pugnam
656 237 857 292 incipiat3
888 252 942 286 se,
964 252 1057 277 cum
1080 252 1184 292 opus
1206 237 1261 277 sit
1281 237 1463 291 equestri

268 305 441 355 auxilio,
482 307 646 359 signum
688 305 915 353 daturum;
964 304 1141 360 proinde
1181 303 1265 354 ille,
1306 319 1464 344 memor

269 374 406 428 regiae
433 389 614 429 pugnae,
646 389 803 414 memor
833 373 1063 428 spoliorum
1094 373 1346 428 opimorum,
1376 387 1462 412 rem

267 446 442 495 gereret.
523 441 708 496 legiones
768 442 931 497 impetu
991 441 1154 496 ingenti
1214 440 1459 495 confligunt.

269 513 485 552 Romanus
513 511 612 552 odio
631 526 838 561 accensus,
860 511 1037 566 impium
1061 509 1324 559 Fidenatem,
1344 524 1462 565 prae·
1485 525 1522 558 15

267 578 419 619 donem
456 580 684 630 Veientem,
719 578 899 635 perfidos
931 579 1076 629 socios,
1107 578 1294 619 imbelles
1324 577 1464 618 hostes

268 646 536 702 compellans,
567 646 690 686 factis
721 646 845 686 simul
875 645 1085 701 dictisque
1116 646 1260 687 odium
1292 647 1445 702 explet.

354 719 616 755 concusserat
656 714 794 769 primo
835 714 981 755 statim
1022 729 1244 769 congressu
1283 714 1461 763 hostem,

267 797 376 832 cum,
410 786 583 837 repente
617 781 842 837 patefactis
878 781 1133 822 Fidenarum
1168 782 1317 837 portis,
1354 797 1464 822 nova

266 850 451 905 erumpit
486 850 593 890 acies
622 855 722 891 ante
752 850 796 891 id
827 854 994 905 tempus
1029 849 1234 891 inaudita.
1295 849 1464 905 ignibus
1484 864 1525 886 20

266 923 430 958 armata
469 917 614 972 ingens
655 918 889 959 multitudo
929 919 1173 974 facibusque
1218 919 1464 960 ardentibus

267 990 361 1027 tota
395 986 559 1042 fulgens
599 987 641 1027 in
683 987 845 1028 hostem
881 988 983 1037 ruit,
1017 988 1237 1043 formaque
1271 988 1464 1029 insolitae

266 1068 433 1109 pugnae
463 1055 678 1095 Romanos
709 1070 936 1111 parumper
969 1056 1186 1097 exterruit.
1248 1060 1341 1096 tum
1377 1056 1463 1097 dic-

267 1127 396 1174 tator,
418 1124 621 1178 magistro
648 1125 840 1179 equitum
872 1129 915 1165 et
943 1140 994 1165 ex
1022 1125 1238 1165 montibus
1263 1125 1463 1175 Quinctio

266 1193 416 1243 accito,
439 1193 482 1233 in
511 1193 727 1234 sinistrum
755 1208 899 1243 cornu,
925 1193 1040 1249 quod
1067 1194 1265 1235 territum
1287 1200 1463 1235 cesserat
1484 1208 1522 1241 25

267 1261 458 1312 flammis,
496 1262 691 1313 accurrit,
731 1262 926 1318 claraque
968 1277 1066 1302 voce
1107 1263 1303 1303 ‘fumone
1338 1263 1464 1304 victi'

266 1330 409 1385 inquit
454 1329 595 1370 ‘velut
641 1345 740 1385 apes
786 1329 879 1371 loco
927 1335 1064 1371 vestro
1110 1331 1273 1387 expulsi
1314 1332 1463 1373 inermi

266 1398 421 1439 cedetis
451 1399 596 1440 hosti?
655 1413 793 1439 nonne
823 1398 932 1439 faces
951 1399 1026 1439 has
1054 1399 1177 1454 ipsas,
1200 1400 1231 1439 si
1261 1400 1349 1454 igni
1378 1415 1463 1441 non

265 1466 360 1507 telis
380 1466 657 1523 pugnandum
679 1471 754 1518 est,
771 1471 935 1522 ereptas
956 1467 1070 1507 ultro
1087 1467 1305 1509 inferetis?
1334 1470 1467 1524 agite,

265 1535 446 1575 nominis
485 1536 670 1576 Romani
709 1550 758 1576 ac
798 1536 969 1576 virtutis
1008 1540 1179 1592 patrum
1223 1541 1464 1592 vestraeque
1482 1550 1529 1588 30'

266 1620 467 1645 memores
494 1605 646 1646 vertite
675 1604 915 1645 incendium
944 1605 1023 1645 hoc
1043 1605 1087 1645 in
1108 1605 1294 1645 hostium
1316 1606 1462 1647 urbem

265 1677 310 1714 et
368 1673 451 1713 suis
506 1672 685 1712 flammis
734 1671 871 1713 delete
920 1672 1114 1721 Fidenas,
1163 1687 1267 1727 quas
1317 1674 1464 1714 vestris

266 1740 475 1781 beneficiis
515 1739 680 1795 placare
715 1755 799 1780 non
835 1740 1048 1795 potuistiS.
1111 1739 1347 1794 legatorum
1384 1742 1464 1783 hoc

266 1824 338 1849 vos
377 1812 609 1849 vestrorum
649 1807 976 1863 colonorumque
1016 1809 1184 1863 sanguis
1224 1810 1463 1866 vastatique

266 1877 366 1917 fines
396 1877 597 1917 monent.'
1481 1894 1520 1928 35

351 1944 406 1985 ad
419 1944 641 2000 imperium
655 1944 876 1985 dictatoris
892 1949 1009 1985 mota
1025 1950 1177 1985 cuncta
1194 1946 1311 1987 acies.
1354 1947 1462 1988 faces

265 2011 422 2067 partim
450 2011 620 2051 emissae
646 2011 929 2066 excipiuntur,
950 2011 1107 2066 partim
1137 2012 1177 2051 vi
1205 2012 1462 2067 eripiuntur;

265 2084 444 2135 utraque
471 2080 578 2119 acies
599 2083 789 2119 armatur
809 2079 910 2134 igni.
985 2080 1184 2134 magister
1204 2082 1394 2135 equitum
1418 2087 1462 2122 et

265 2148 352 2203 ipse
401 2152 531 2187 novat
580 2161 766 2202 pugnam
817 2151 1062 2201 equestrem.
1139 2148 1276 2203 pulvis
1327 2149 1461 2191 elatus

266 2217 506 2270 mixtusque
540 2215 657 2254 fumo
692 2215 825 2255 lucem
862 2230 913 2255 ex
949 2215 1078 2255 oculis
1115 2218 1296 2256 virorum
1333 2233 1460 2273 equo-
1478 2235 1521 2264 40
