1716 2542
266 130 326 171 20
745 125 971 173 Fidenae

517 324 688 377 Extplm't
719 325 774 378 ‘ff
796 325 1009 364 Cornelius
1041 327 1198 366 (own-5⁸.

350 447 414 487 13.
477 450 567 485 erat
595 450 685 485 tum
716 446 826 486 inter
855 447 1016 500 equites
1044 446 1238 487 tribunus
1270 447 1449 487 militum

263 514 478 553 Cornelius
519 515 680 563 Cossus,
716 514 868 554 eximia
907 515 1221 570 pulchritudine
1257 516 1453 571 corporis,

261 581 402 621 animo
437 596 499 621 ac*
521 581 678 622 viribus
710 597 799 636 par,
831 598 1071 638 memorque
1102 584 1243 638 magni
1279 584 1454 637 generis,

261 647 375 704 quod
388 650 568 705 amplius
582 649 754 705 reliquit
766 651 953 705 posteris.
1007 651 1052 700 ἇς,
1067 666 1160 690 cum
1177 651 1231 691 ad
1248 651 1450 705 impetum

225 728 241 761 5
260 717 477 758 Tolumnii
525 717 785 773 trepidantes
830 718 988 758 videret
1036 720 1247 758 Romanas
1294 723 1453 758 turmas

262 787 549 841 insignemque
599 791 711 826 veste
761 787 875 841 regia
925 787 1171 827 volitantem
1224 791 1318 826 tota
1366 787 1452 826 acie

260 859 491 909 cognosset,
532 854 693 894 ‘hicine
736 856 821 895 est'
868 855 1008 909 inquit
1057 860 1231 910 ‘ruptor
1278 854 1452 894 foederis

260 922 433 962 humani
455 921 718 976 violatorque
737 922 927 976 gentium
950 922 1080 962 iuris?
1140 923 1221 962 iam
1244 937 1321 976 ego
1346 921 1451 961 hanc

260 1005 418 1030 caesam
448 990 677 1040 victimam,
708 990 739 1028 si
772 989 874 1044 quid
906 990 1037 1029 sancti
1070 990 1112 1029 in
1144 990 1264 1029 terris
1295 1004 1377 1028 esse
1408 988 1449 1028 di

206 1074 243 1097 ιο
261 1057 421 1107 volunt,
472 1057 707 1112 legatorum
760 1057 950 1097 manibus
999 1057 1136 1097 dabo.q
1224 1056 1451 1097 calcaribus

259 1125 451 1176 subditis,
489 1125 642 1166 infesta
676 1126 797 1166 hasta
837 1126 879 1165 in
921 1140 1049 1165 unum
1091 1126 1224 1165 fertur
1263 1125 1450 1170 hostem;

258 1209 381 1249 quenl
403 1209 495 1234 cum
519 1194 649 1233 ictum
672 1209 779 1248 equo
800 1193 1026 1243 deiecisset,
1048 1193 1264 1233 confestim
1294 1197 1337 1232 ct
1366 1193 1451 1247 ipse

258 1264 380 1304 hasta
407 1263 574 1303 innixus
602 1278 644 1302 se
665 1263 707 1302 in
736 1262 860 1318 pedes
887 1262 1063 1317 excepit.
1126 1266 1361 1316 surgentem
1392 1259 1449 1303 ibi

258 1347 396 1387 regem
447 1332 629 1372 umbone
679 1331 922 1387 prostravit,
974 1331 1240 1386 petitumque
1289 1331 1451 1386 saepius

202 1416 238 1451 15
259 1401 380 1441 hasta
411 1400 465 1440 ad
501 1405 654 1440 terram
692 1399 854 1439 adfixit.
919 1404 1009 1438 tum
1052 1404 1220 1438 mortuo
1261 1398 1451 1439 detracta

257 1469 410 1524 spolia3
438 1473 649 1524 caputque
671 1468 804 1507 vietor
824 1466 983 1522 spiculo
1003 1482 1147 1521 gerens
1168 1471 1325 1507 terrore
1347 1468 1448 1507 caesi

258 1538 364 1591 regis
385 1537 524 1576 hostes
546 1534 669 1575 fudit.
732 1535 794 1575 ita
813 1535 1003 1589 equitum
1032 1550 1199 1588 quoque
1220 1535 1311 1574 fusa
1330 1535 1450 1584 acies,

257 1620 364 1660 quae
386 1619 469 1644 una
489 1604 643 1643 fecerat
663 1617 813 1657 anceps
834 1607 1055 1642 certamen.
1118 1602 1302 1642 dictator
1322 1602 1449 1656 legio-

258 1673 381 1713 nibus
407 1672 563 1725 fugatis
585 1672 731 1720 instat,
752 1676 794 1711 et
815 1671 868 1710 ad
890 1676 1027 1710 castra
1046 1670 1278 1725 compulsos
1300 1670 1447 1710 caedit.

199 1761 239 1782 20
258 1740 525 1780 Fidenatium
574 1739 744 1794 plurimi
794 1738 978 1779 locorum
1021 1740 1145 1794 periti
1186 1740 1364 1793 effugere
1407 1739 1449 1778 in

258 1813 432 1849 montes.
495 1809 657 1858 Cossus,
698 1807 886 1847 Tiberim
934 1823 1026 1847 cuin
1075 1808 1268 1862 equitatu
1316 1812 1449 1847 trans-

258 1881 412 1923 vectus,
433 1891 483 1915 ex
505 1891 606 1930 agro
629 1876 864 1916 Veientium
888 1876 1100 1930 ingentem
1130 1876 1232 1916 tulit
1252 1875 1449 1931 praedam

255 1942 309 1983 ad
342 1943 496 1983 urbem.
560 1944 670 1983 inter
704 1944 909 1998 proelium
940 1949 984 1984 ct
1010 1944 1064 1984 ad
1095 1949 1229 1985 castra
1260 1946 1451 1983 Romana

256 2016 492 2065 pugnatum
529 2016 592 2051 est
627 2011 821 2051 adversus
857 2017 1018 2067 partem
1056 2013 1268 2067 copiarum
1307 2027 1332 2051 a
1366 2012 1450 2051 To-

198 2078 430 2128 25lumnio,
472 2084 520 2119 ut
560 2084 658 2119 ante
698 2079 856 2120 dictum
899 2085 974 2129 est,
1011 2081 1065 2121 ad
1101 2086 1236 2121 castra
1272 2081 1447 2119 missam.

257 2146 487 2186 Vibulanus
509 2162 663 2185 corona
682 2148 864 2201 prinlum
888 2147 1041 2187 vallum
1065 2148 1280 2193 defendit3
1302 2147 1451 2186 deinde

257 2215 440 2254 intentos
455 2214 594 2254 hostes
608 2214 649 2252 in
667 2214 835 2264 vallum,
849 2230 1031 2269 egressus
1048 2215 1198 2256 dextra
1214 2217 1450 2272 principali,
