1716 2542
193 781 548 830 HORATIUS
598 781 742 829 AND
797 781 1035 829 OTHER
1087 781 1382 830 STORIES.

212 946 257 985 K
257 945 335 1000 ing
363 946 576 986 Porsenna
608 946 782 1000 besieges
811 946 948 986 Rome.
1011 946 1220 986 Horatius
1250 945 1367 1000 keeps

665 1014 729 1055 the
760 1015 916 1070 bridge.

281 1116 316 1156 1.
379 1115 617 1170 Tarquinii,
654 1118 791 1155 Roma
823 1115 1001 1171 expulsi,
1040 1115 1092 1156 ad
1136 1117 1388 1156 Porsennam

194 1183 402 1236 fugerant.
464 1183 498 1223 is
523 1198 594 1223 rex
624 1183 817 1224 Clusinus
845 1188 954 1229 e1·at;
983 1184 1253 1238 Tarquinios,
1282 1184 1391 1224 viros

193 1249 377 1290 eiusdem
398 1250 626 1305 sanguinis,
646 1250 785 1291 exules
806 1265 890 1291 esse
910 1251 1060 1291 noluit.
1123 1251 1185 1290 ita
1210 1251 1389 1290 Romam

194 1318 347 1357 infesto
387 1318 572 1358 exercitu
614 1318 740 1358 venit.
821 1333 1037 1372 nunquam
1081 1322 1207 1358 antea
1246 1322 1392 1358 tantus

194 1389 330 1425 terror
375 1390 566 1425 senatum
607 1386 780 1433 invasit;
830 1385 935 1425 adeo
983 1385 1123 1425 valida
1162 1390 1252 1425 tum
1302 1390 1427 1436 erat5

194 1468 256 1494 res
288 1452 472 1503 Clusina,
504 1468 786 1508 magnumque
822 1455 1056 1494 Porsennae
1092 1469 1255 1494 nomen.
1318 1469 1392 1495 nec

195 1521 357 1561 hostem
399 1520 525 1561 modo
566 1525 706 1576 patres
747 1521 972 1572 timebant,
1012 1521 1083 1562 sed
1123 1537 1217 1562 suos
1263 1523 1391 1563 etiam

195 1589 312 1629 cives.
376 1588 590 1644 putabant
625 1590 736 1629 enim
773 1591 1010 1630 Romanam
1046 1590 1212 1646 plebem
1248 1606 1391 1646 pacem

195 1672 288 1698 cum
311 1657 512 1697 servitute
533 1661 798 1712 accepturam
821 1672 916 1698 esse.
970 1657 1106 1698 multa
1126 1659 1260 1713 igitur
1279 1658 1391 1714 plebi

195 1740 270 1781 per
290 1724 333 1765 id
354 1729 520 1780 tempus
541 1724 722 1779 benigne
743 1740 768 1765 a
788 1730 936 1765 senatu
957 1730 1056 1765 sunt
1077 1741 1278 1767 concessa.
1415 1753 1452 1776 10

282 1792 421 1832 hostes
442 1792 525 1831 iam
547 1791 735 1833 aderant.
798 1793 970 1848 plurimi
995 1808 1046 1833 ex
1074 1794 1184 1848 agris
1214 1796 1392 1835 Romam

197 1861 390 1909 veniunt;
421 1860 565 1901 urbem
589 1861 722 1916 ipsam
744 1861 932 1901 consules
947 1861 1164 1917 praesidiis
1185 1863 1391 1918 saepiunt.

195 1930 279 1970 alia
300 1930 442 1979 muris,
458 1929 543 1969 alia
557 1929 704 1970 Tiberi
720 1929 891 1970 flumine
908 1934 1005 1970 tuta
1026 1946 1110 1971 esse
1127 1930 1391 1972 videbantur.

196 2013 302 2054 pons
331 2002 473 2038 autem
510 1997 719 2038 Sublicius
753 2012 884 2053 paene
920 1998 1002 2039 iter
1032 1998 1225 2040 hostibus
1261 1999 1391 2040 dedit.

196 2080 302 2105 unus
325 2065 399 2114 vir,
423 2065 629 2105 Horatius
651 2065 806 2115 Cocles,
829 2065 903 2105 illo
924 2065 992 2106 die
1021 2066 1165 2107 urbem
1194 2069 1393 2116 servavit3
1416 2092 1451 2124 15

197 2134 269 2188 qui
298 2133 407 2173 forte
435 2132 478 2172 in
506 2137 636 2187 ponte
664 2133 827 2188 positus
854 2139 929 2174 est.
992 2134 1073 2174 iam
1103 2139 1274 2190 captum
1303 2141 1394 2177 erat

198 2200 340 2240 subito
382 2201 544 2256 impetu
586 2201 850 2249 Ianiculum3
904 2202 1001 2243 inde
1042 2203 1211 2258 plurimi
1254 2205 1393 2245 hostes

306 2296 339 2321 E.
362 2296 401 2321 H.
1268 2291 1282 2325 l
