1716 2542
278 147 305 188 8
686 143 787 191 The
823 145 1004 192 *S'ecasnsi
1005 162 1031 191 0
1038 163 1065 191 η

289 338 490 377 See-casim
523 340 662 392 thlw
694 341 912 380 Phhcians.
976 342 1193 381 ,lIenenz‘was-
1224 341 1454 395 Αμνίμραῖς

771 408 950 461 parable.

359 540 396 580 5.
458 541 597 595 Aequi
621 539 777 581 bellum
800 555 946 596 parare
968 540 1231 582 videbantur.
1285 542 1339 583 ob
1360 542 1468 582 hanc

272 622 436 647 causam
459 607 644 648 consules
665 608 761 648 duci
782 624 833 649 ex
854 609 956 649 urbe
972 608 1155 664 legiones
1169 610 1331 651 iussere.
1383 626 1468 665 quo

272 676 385 716 facto
417 681 511 717 orta
540 680 604 717 est
633 677 814 718 secessio.
877 678 1033 718 Sicinio
1064 678 1246 733 quodam
1283 683 1467 727 auctore,

273 745 429 785 iniussu
451 744 684 794 consulum,
704 746 745 785 in
775 747 943 786 Sacrum
976 751 1158 786 montem
1190 746 1306 802 plebs
1334 746 1467 793 abiit;

237 832 253 865 5
272 814 344 868 qui
374 819 489 854 trans
518 814 724 854 Anienem
754 829 918 854 amnem
945 819 1007 854 est
1035 815 1119 855 tria
1146 815 1200 855 ab
1229 815 1329 856 urbe
1352 815 1467 855 milia

274 897 480 938 passuum.
543 882 600 923 ibi
635 883 808 923 munitis
839 883 996 932 castris,
1028 883 1160 937 quieti
1198 898 1272 938 per
1302 883 1467 938 aliquot

273 950 359 991 dies
400 966 534 1006 neque
574 951 751 991 lacessiti
794 965 927 1005 neque
975 950 1218 991 lacessentes
1269 966 1463 992 mansere.

274 1035 403 1075 pavor
430 1024 521 1060 erat
549 1020 693 1074 ingens
722 1021 762 1059 in
792 1019 906 1060 urbe.
969 1024 1108 1074 patres
1135 1019 1293 1059 nullam
1324 1020 1401 1060 nisi
1423 1020 1465 1059 in

272 1086 492 1127 concordia
532 1087 685 1127 civium
727 1102 839 1142 spem
883 1102 966 1126 esse
1006 1086 1207 1141 reliquam
1252 1086 1463 1127 videbant.

218 1179 255 1200 10
272 1154 433 1211 placuit
453 1155 586 1209 igitur
601 1159 806 1195 oratorem
826 1154 879 1194 ad
896 1154 1060 1209 plebem
1076 1155 1206 1204 mitti,
1223 1156 1464 1195 Menenium

272 1223 527 1279 Agrippam,
547 1223 772 1264 facundum
798 1224 930 1263 virum
953 1228 996 1264 et
1017 1223 1128 1278 plebi
1151 1239 1303 1265 carum.

358 1292 406 1341 is,
425 1291 628 1332 admissus
650 1292 691 1331 in
714 1297 862 1341 castra,
884 1291 1018 1346 prisco
1047 1292 1120 1332 illo
1147 1291 1311 1332 dicendi
1342 1292 1466 1332 inodo

273 1362 373 1402 haec
408 1376 592 1401 narrasse
633 1360 766 1400 fertur
780 1363 861 1401 :—‘
877 1360 976 1400 olim
1014 1361 1056 1401 in
1093 1361 1262 1401 homine
1297 1376 1380 1401 non
1418 1366 1466 1401 ut

273 1447 382 1471 nunc
415 1432 556 1471 omnia
586 1429 929 1477 conse11tiebm1t3
965 1429 1035 1469 sed
1067 1429 1240 1483 singulis
1271 1429 1465 1470 membris

218 1522 254 1554 15
272 1505 363 1540 erat
403 1514 522 1539 suum
564 1498 796 1548 consilium,
838 1513 934 1537 suus
974 1512 1118 1537 sermo.
1182 1498 1466 1552 querebantur

272 1569 455 1624 reliquae
484 1573 622 1623 partes
650 1582 724 1607 sua
751 1582 861 1616 eura,
883 1582 957 1606 suo
987 1566 1129 1607 labore
1158 1567 1292 1607 ventri
1325 1567 1465 1607 omnia

272 1637 442 1692 quaeri3
482 1641 668 1676 ventrem
701 1635 743 1675 in
775 1634 913 1674 medio
945 1635 1135 1689 quietum
1174 1634 1465 1689 voluptatibus

272 1705 367 1746 frui.
440 1704 536 1745 inde
567 1703 858 1754 coniurabant,
889 1718 940 1743 ne
971 1718 1118 1743 manus
1151 1703 1205 1743 ad
1241 1718 1285 1743 os
1325 1703 1462 1743 cibum

272 1774 441 1823 ferrent,
482 1789 533 1813 ne
573 1788 618 1812 os
658 1772 876 1827 acciperet,
917 1786 968 1811 ne
1007 1771 1152 1811 dentes
1199 1772 1462 1813 conficerent.

216 1865 255 1887 20
272 1842 372 1882 dum
405 1845 588 1881 ventrem
623 1840 732 1879 fame
765 1839 935 1879 domare
965 1839 1127 1889 volunt,
1159 1840 1249 1894 ipsa
1279 1839 1465 1880 membra

272 1914 495 1964 totumque
545 1922 693 1962 corpus
739 1906 793 1946 ad
843 1911 1071 1946 extremam
1124 1906 1262 1946 tabem
1306 1921 1461 1947 venere.

272 1977 368 2017 inde
397 1976 596 2032 apparuit
619 1979 803 2014 ventrem
835 1989 1002 2029 quoque
1033 1974 1145 2014 haud
1173 1989 1336 2028 segnem
1367 1990 1462 2023 esse,

272 2062 345 2086 nec
388 2045 517 2099 magi>¹
558 2044 613 2083 ali
654 2058 780 2098 quam
823 2042 956 2087 alm-m
1007 2043 1089 2092 scd,
1126 2044 1316 2082 confecto
1356 2043 1462 2091 cibo,

273 2115 430 2170 pariter
460 2114 502 2153 in
536 2128 657 2152 venas
689 2112 856 2151 mittere
886 2112 1155 2163 sauguinemf

216 2201 254 2233 25
358 2182 456 2222 hinc
491 2182 683 2235 Agrippa
711 2179 856 2219 (locuit
891 2194 1016 2233 quam
1050 2179 1249 2218 intestina
1281 2179 1463 2233 corporis

274 2250 424 2290 seditio
438 2249 582 2289 similis
599 2251 704 2287 esset
726 2247 809 2286 irae
828 2246 960 2302 plebis
979 2247 1019 2285 in
1034 2251 1173 2301 patres
1189 2263 1198 2292 ς
1223 2251 1462 2301 mentesque
