1716 2542
740 141 1034 189 Coriolanus
1452 151 1479 192 9

283 262 499 303 hominum
518 262 648 303 flexit.
691 263 760 317 agi
782 263 933 304 deinde
953 263 1005 304 de
1027 263 1249 304 concordia
1262 269 1480 320 coeptun1;

283 346 603 386 concessumque
625 336 673 372 ut
686 331 799 387 plebi
814 332 876 372 sui
900 332 1172 387 magistratus
1194 336 1329 372 essent
1345 348 1479 373 sacro-

281 399 427 440 sancti.
480 400 542 440 ita
558 400 719 441 tribuni
737 399 871 456 plebis
884 401 1013 441 creati
1029 400 1131 450 duo,
1143 400 1276 442 Gaius
1292 401 1479 443 Licinius

281 473 325 509 et
342 469 496 509 Lucius
514 469 709 510 Albinus.
758 469 801 509 hi
818 474 903 510 tres
925 469 1104 524 collegas
1121 469 1200 510 sibi
1218 476 1473 513 creaverunt.
1497 491 1538 523 30

298 665 398 706 Rise
426 665 484 720 of
503 666 760 707 Coriolanus.
822 666 909 705 His
939 665 1039 705 trial
1068 665 1154 705 and
1184 664 1448 706 baniskment.

365 802 402 843 6.
464 802 564 843 dum
616 803 733 858 plebs
783 802 951 852 secedit,
997 803 1172 858 Spurius
1222 802 1386 843 Cassius
1433 806 1477 842 et

279 870 503 912 Postumus
554 873 770 913 Cominius
820 871 1084 912 consulatum
1139 872 1337 913 inierunt.
1418 871 1476 912 eis

277 938 515 980 consulibus
546 955 639 980 cum
671 940 836 980 Latinis
868 941 999 980 ictum
1029 939 1189 981 foedus.
1250 941 1476 980 Postumus

276 1005 331 1046 ad
353 1006 544 1047 Volscum
575 1007 731 1048 bellum
760 1008 906 1048 missus
934 1008 1134 1048 Antiates
1159 1007 1314 1049 fundit.
1377 1007 1475 1049 inde

276 1074 470 1129 protinus
492 1090 645 1129 magna
666 1076 705 1116 vi
727 1075 901 1116 adortus
921 1080 985 1116 est
1006 1075 1206 1116 Coriolos.
1268 1080 1360 1116 erat
1380 1080 1472 1116 tum
1492 1092 1510 1125 5

276 1144 319 1184 in
340 1145 484 1186 castris
506 1146 676 1186 Gnaeus
697 1145 894 1196 Marcius,
916 1144 1152 1185 adolescens
1173 1149 1216 1185 et
1237 1145 1409 1186 consilio
1430 1151 1474 1187 et

276 1228 403 1254 manu
433 1219 680 1270 promptus;
712 1214 777 1254 cui
808 1228 1038 1268 cognomen
1070 1218 1217 1269 postea
1247 1214 1473 1255 Coriolano

275 1281 370 1323 fuit.
444 1284 649 1323 exercitus
682 1285 911 1333 Romanus,
937 1282 1039 1323 dum
1072 1282 1260 1323 Coriolos
1291 1282 1473 1333 obsidet,

275 1350 317 1390 in
335 1351 569 1406 oppidanos
591 1351 780 1392 intentus
801 1356 902 1392 erat.
945 1350 1087 1392 subito
1104 1350 1273 1392 Volscae
1289 1351 1472 1406 legiones

273 1418 457 1467 adeunt3
493 1419 722 1475 eodemque
752 1424 942 1475 tempore
972 1435 1023 1460 ex
1053 1419 1213 1475 oppido
1244 1425 1471 1476 erumpunt
1494 1436 1531 1459 10

273 1487 424 1529 hostes.
486 1488 596 1528 forte
628 1489 672 1528 in
708 1488 892 1528 statione
928 1488 1114 1528 Marcius
1149 1487 1244 1528 fuit.
1307 1488 1341 1528 is
1376 1503 1469 1529 cum

272 1554 435 1596 delecta
484 1555 667 1596 militum
720 1571 846 1596 manu
901 1556 1108 1612 impetum
1159 1557 1469 1613 erumpentium

272 1622 485 1677 reppulit;
542 1621 693 1662 deinde
742 1637 817 1677 per
866 1626 1083 1677 patentem
1134 1628 1300 1678 portam
1352 1623 1470 1664 ferox

273 1691 439 1747 irrupit.
520 1691 643 1732 caede
689 1691 733 1731 in
774 1692 967 1746 proximo
1008 1690 1122 1732 urbis
1162 1692 1288 1743 facta,
1329 1692 1469 1747 ignem

273 1764 428 1800 temere
467 1764 683 1814 arreptum
723 1759 921 1800 aedificiis
961 1760 1117 1800 iniecit.
1180 1760 1338 1801 clamor
1373 1761 1528 1811 inde15

273 1828 581 1884 oppidanorum
609 1829 811 1868 Romanis
842 1829 962 1868 auxit
993 1829 1181 1869 animum
1209 1834 1252 1869 et
1278 1829 1470 1871 turbavit

271 1897 423 1939 hostes.
485 1899 547 1938 ita
576 1897 657 1937 fusi
685 1897 835 1948 Volsci,
858 1895 1014 1938 Corioli
1045 1896 1250 1953 oppidum
1281 1903 1468 1954 captum.

357 1966 551 2022 proximo
591 1980 703 2005 anno
742 1965 843 2006 foris
883 1966 1030 2021 quieta
1068 1970 1190 2007 erant
1230 1967 1384 2019 omnia,
1425 1972 1469 2010 et

271 2033 386 2074 domi
416 2038 565 2074 sanata
596 2032 816 2075 discordia.
877 2032 949 2074 sed
980 2032 1097 2074 aliud
1129 2033 1266 2075 multo
1299 2035 1468 2090 gravius

272 2102 427 2143 malum
450 2103 664 2144 civitatem
687 2102 855 2153 invasit,
876 2103 1029 2143 caritas
1049 2103 1232 2159 primum
1260 2119 1466 2156 annonae,
1487 2124 1528 2146 20

270 2170 421 2212 deinde
460 2171 601 2211 fames.
682 2176 938 2225 ventumque
977 2171 1032 2211 ad
1071 2171 1291 2212 interitum
1332 2172 1467 2227 plebis

270 2244 389 2290 esset,
419 2239 498 2279 nisi
529 2238 715 2279 consules
745 2238 1036 2294 providissent.
1099 2254 1196 2280 mox
1226 2255 1379 2295 magna
1405 2241 1466 2282 vis
