1716 2542
213 130 233 170 1
243 132 270 170 Ο
660 119 954 168 Coriolanus

211 245 407 284 frumenti
432 260 482 284 ex
505 243 646 283 Sicilia
666 243 859 288 advecta:
882 245 1177 299 agitatumque
1194 245 1235 285 in
1258 250 1405 285 senatu

210 312 358 366 quanti
382 311 493 366 plebi
515 311 698 350 daretur.
757 311 879 350 multi
902 317 1042 366 patres
1065 313 1220 352 venisse
1242 317 1406 367 tempus

152 394 191 428 25
211 379 423 434 putabant
445 378 715 432 recuperandi
739 379 844 428 iura,
865 394 973 433 quae
993 384 1162 419 extorta
1186 380 1407 419 secessione

211 452 357 488 essent.
421 447 462 486 111
495 446 639 501 primis
672 447 857 486 Marcius
888 446 1148 496 Coriolanus,
1170 447 1301 487 hostis
1332 447 1406 486 tri-

212 515 402 556 buniciae
424 514 663 570 potestatiS,
680 515 780 554 haec
796 519 967 569 questus
983 515 1176 555 estz—‘si
1198 530 1406 555 annonam

213 588 391 623 veterem
430 582 592 632 volunt,
625 583 688 622 ius
723 583 950 638 pristinum
986 581 1167 622 reddant
1202 582 1405 638 patribus.

213 667 285 692 cur
298 666 375 706 ego
389 650 573 706 plebeios
590 651 876 706 magistratus,
890 667 963 692 cur
976 652 1175 692 Sicinium
1192 657 1407 707 potentem

156 739 196 770 30
215 720 365 760 video?
439 735 570 774 egone
610 721 683 760 has
724 719 1000 775 indignitates
1040 720 1201 761 diutius
1242 721 1410 775 patiar?

214 789 493 845 'l'arquinium
546 804 683 844 regem
725 789 798 844 qui
849 804 932 829 non
983 788 1166 839 tulerim,
1208 790 1407 829 Sicinium

215 858 376 898 feram?
436 857 601 897 secedat
631 872 755 905 nunc,
776 861 923 897 avocet
954 856 1130 911 plebem.
1193 860 1314 911 patet
1344 856 1412 896 via

216 927 258 966 in
291 928 460 966 Sacrum
493 930 679 966 montem
711 925 897 979 aliosque
928 924 1063 965 colles.
1126 924 1295 979 rapiant
1326 925 1411 964 fru-

217 999 359 1035 menta
394 1009 444 1034 ex
480 994 617 1048 agris3
658 993 855 1033 fruantur
888 1008 1069 1041 annona,
1105 1008 1231 1047 quam
1273 993 1412 1032 furore

159 1076 197 1109 35
216 1077 290 1101 suo
321 1061 477 1101 fecere?

303 1135 346 1170 et
381 1130 544 1170 senatui
582 1130 704 1170 nimis
739 1135 863 1170 atrox
899 1130 986 1170 visa
1019 1129 1229 1170 sententia
1260 1134 1336 1178 est,
1370 1134 1414 1169 et

218 1198 401 1254 plebeios
435 1199 496 1239 ira
526 1199 724 1239 incendit.
788 1199 929 1239 dixere
966 1199 1075 1239 fame
1110 1215 1151 1239 se
1183 1199 1264 1238 iam
1298 1198 1414 1239 velut

218 1267 357 1307 hostes
387 1267 502 1321 peti;
533 1267 798 1322 peregrinum
827 1267 1085 1306 frumentum
1116 1266 1171 1306 ab
1198 1281 1268 1306 ore
1296 1266 1413 1321 1·api;

220 1335 426 1374 Marcium
456 1333 535 1373 sibi
564 1334 797 1373 carnificem
826 1348 982 1373 novum
1010 1338 1219 1382 exortum,
1240 1334 1313 1388 qui
1338 1338 1414 1373 aut

161 1424 202 1453 40
221 1403 324 1443 mori
345 1407 422 1442 aut
442 1402 592 1442 servire
613 1401 769 1442 iubeat.
833 1402 876 1441 in
897 1417 992 1441 eum
1014 1407 1234 1442 exeuntem
1257 1416 1279 1441 e
1299 1402 1414 1441 curia

221 1471 402 1525 impetus
434 1470 569 1509 factus
600 1474 719 1519 esset,
750 1469 828 1509 nisi
861 1469 1022 1509 tribuni
1053 1468 1163 1509 diem
1197 1467 1411 1508 dixissent.

222 1539 279 1579 ibi
302 1539 364 1578 ira
384 1542 447 1578 est
467 1552 696 1592 suppressa.
759 1537 896 1591 primo
919 1537 1102 1576 Marcius
1118 1536 1415 1577 contemnebat

224 1607 354 1646 minas
394 1605 674 1646 tribunorum.
743 1605 830 1659 ipse
869 1604 937 1644 die
977 1604 1091 1645 dicta
1131 1620 1215 1644 non
1255 1604 1412 1644 aderat.

223 1674 447 1714 damnatus
477 1673 639 1723 absens,
668 1673 710 1712 111
741 1672 906 1712 Volscos
937 1672 1032 1712 exul
1064 1672 1186 1721 abiit,
1216 1673 1415 1712 minitans

165 1759 204 1791 45
225 1744 386 1799 patriae
445 1742 700 1797 hostilesque
750 1742 833 1781 iam
890 1746 980 1781 tum
1037 1742 1209 1796 spiritus
1258 1757 1413 1795 gerens.

225 1811 458 1850 venientem
486 1808 619 1849 Volsci
653 1808 831 1862 benigne
862 1823 1083 1863 excepere;
1114 1807 1417 1863 benigniusque

226 1880 267 1918 in
297 1879 383 1918 (lies
416 1878 625 1926 colebant,
655 1892 739 1931 quo
774 1878 905 1916 maior
933 1878 994 1916 ira
1027 1877 1069 1916 in
1100 1891 1193 1916 suos
1226 1876 1415 1917 ardebat.

227 1947 411 2002 hospitio
452 1946 654 1985 utebatur
693 1945 808 1985 Attii
855 1945 998 1984 Tullii.
1080 1945 1202 1998 longe
1248 1945 1280 1984 is
1325 1949 1416 1984 tum

228 2015 419 2068 princeps
472 2013 709 2053 Volscorum
762 2017 866 2060 crat,
918 2012 1202 2065 Romanisque
1257 2027 1417 2066 semper

171 2099 212 2131 50
231 2083 415 2121 infestus.
479 2082 552 2127 ita,
574 2096 667 2119 cum
699 2080 875 2119 alterum
910 2084 1028 2119 vetus
1060 2079 1216 2127 odium,
1238 2079 1414 2118 alterum

230 2150 291 2189 ira
314 2164 449 2188 recens
467 2148 716 2197 stimularet,
733 2147 905 2186 consilia
921 2149 1141 2186 conserunt
1158 2147 1208 2185 (le
1225 2148 1418 2186 Romano

231 2217 353 2257 bello.
