1716 2542
631 123 778 171 [Λαίνα
815 123 1043 186 Regillus
1401 127 1426 175 7

230 246 409 287 moriens
446 247 663 286 Romanus
704 261 755 286 ex
791 261 899 301 equo
935 246 1052 286 humi
1089 245 1251 286 cecidit.
1314 261 1430 286 caeso

232 314 308 354 tali
341 315 443 364 viro,
465 314 606 354 exules
634 314 830 354 ferociter
858 314 1011 354 invehi.
1073 313 1259 354 dictator
1281 314 1430 354 Postu·
1450 326 1490 358 30

230 382 352 433 mius,
375 387 425 423 ut
455 398 549 423 suos
580 382 791 438 perculsos
822 382 965 423 cedere
996 382 1119 433 vidit,
1140 382 1303 423 cohorti
1335 397 1431 423 suae

229 449 416 491 delectae
457 450 534 491 dat
574 451 769 506 signumg
818 466 942 506 quem
984 466 1152 491 suorum
1199 450 1430 506 fugientem

231 520 428 572 viderint,
465 536 559 561 eum
590 536 668 577 pro
699 521 820 562 hoste
849 521 1004 563 habcre
1040 520 1170 562 iubet.
1233 522 1296 561 ita
1326 522 1431 562 versi

230 605 256 630 a
295 590 397 645 fuga
436 590 618 630 Romani
666 589 710 630 in
757 590 935 640 hostem,
976 594 1020 630 et
1066 590 1265 630 restituta
1311 591 1429 631 acies.

231 658 377 698 cohors
426 657 647 699 dictatoris
694 662 787 698 tum
838 658 1020 714 primum
1069 658 1274 713 proelium
1320 659 1429 699 iniit.
1451 673 1490 705 35

230 726 406 781 integris
437 726 681 782 corporibus
712 727 946 782 animisque
976 726 1102 766 fessos
1129 726 1271 767 adorti
1292 725 1432 767 exules

230 793 423 835 caedunt.
486 793 545 835 ibi
577 794 662 834 alia
692 794 805 835 inter
833 810 1022 851 proceres
1053 800 1149 835 orta
1182 799 1244 835 est
1274 809 1429 850 pugna.

231 862 463 918 imperator
497 863 678 904 Latinus
709 863 925 903 cohortem
959 863 1127 903 exulum
1165 879 1190 903 a
1224 862 1432 904 dictatore

231 932 426 972 Romano
462 947 593 987 prope
629 931 956 972 circumventam
992 931 1126 980 vidit3
1169 947 1268 987 ergo
1299 932 1432 972 mani-

232 999 353 1054 pulos
373 998 541 1054 aliquot
561 999 604 1039 in
627 1000 808 1055 primam
831 1000 961 1040 aciem
983 1015 1120 1040 secum
1142 1001 1268 1055 rapit.
1322 1000 1433 1041 inter
1450 1018 1492 1047 40

231 1068 307 1108 hos
341 1068 552 1108 venientes
587 1069 713 1109 Titus
746 1068 992 1109 Herminius
1027 1067 1191 1124 legatus
1226 1068 1430 1124 insignem

232 1140 345 1176 veste
366 1136 574 1191 armisque
590 1135 831 1176 Mamilium
850 1135 1081 1192 conspexit.
1115 1169 1117 1171 .
1133 1151 1227 1176 cum
1244 1136 1430 1177 hostium

231 1204 336 1246 duce
371 1205 577 1261 proelium
611 1205 722 1255 iniit,
759 1220 926 1260 unoque
957 1205 1043 1245 ictu
1080 1205 1327 1246 transfixum
1358 1221 1433 1261 per

232 1273 343 1314 latus
364 1272 519 1314 occidit
540 1272 794 1314 Mamilium.
857 1277 900 1313 et
921 1273 1008 1327 ipse
1029 1272 1140 1313 inter
1163 1271 1430 1328 spoliandum

232 1356 382 1397 corpus
401 1356 629 1397 percussus,
647 1355 740 1380 cum
766 1340 898 1380 victor
917 1340 961 1380 in
982 1344 1119 1381 castra
1138 1345 1245 1381 esset
1260 1340 1429 1392 relatus,
1448 1356 1489 1388 45

232 1410 474 1465 exspiravit.

318 1483 411 1519 tum
447 1478 501 1519 ad
537 1479 699 1534 equites
735 1478 923 1519 dictator
957 1479 1156 1527 advolat;
1199 1479 1318 1520 iubet
1348 1496 1430 1531 eos,

232 1548 339 1589 fesso
369 1548 452 1588 iam
485 1548 643 1603 pedite,
663 1547 911 1588 descendere
941 1563 992 1588 ex
1022 1549 1139 1603 equis
1170 1553 1213 1588 et
1244 1564 1430 1604 pugnam

233 1617 349 1658 inire.
401 1616 517 1657 dicto
538 1632 737 1672 paruere:
770 1616 971 1657 desiliunt
991 1632 1042 1657 ex
1059 1617 1189 1672 equis,
1206 1617 1432 1673 provolant

233 1685 277 1725 in
317 1686 515 1741 primum,
555 1700 633 1741 pro
680 1685 967 1740 antesignanis
1013 1701 1179 1741 parmas
1226 1685 1429 1727 obiciunt.
1450 1702 1492 1736 50

234 1754 444 1809 recipiunt
464 1753 678 1809 extemplo
699 1754 886 1794 animum
909 1753 1084 1809 pedites.
1145 1758 1237 1794 tum
1262 1754 1428 1794 demum

235 1822 403 1878 impulsi
440 1823 600 1872 Latini,
637 1822 908 1878 perculsaque
943 1822 1163 1863 inclinavit
1192 1823 1310 1864 acies.
1372 1823 1430 1864 ibi

235 1906 309 1932 nec
324 1891 512 1932 divinam
528 1906 603 1931 nec
618 1891 845 1932 humanam
862 1907 983 1947 opem
998 1891 1234 1947 neglegens,
1247 1891 1433 1932 dictator

233 1958 377 1999 aedem
411 1959 575 1999 Castori
609 1959 750 2007 vovit;
779 1974 828 1999 ac
852 1959 1048 2014 promisit
1077 1959 1203 2000 militi
1232 1960 1430 2015 praemia,

235 2028 307 2082 qui
328 2027 502 2083 primus,
524 2027 597 2083 qui
619 2027 821 2068 secundus
849 2032 986 2068 castra
1006 2028 1192 2068 hostium
1221 2028 1429 2069 intrasset.
1452 2041 1490 2074 55

236 2100 464 2151 tantusque
476 2095 602 2136 ardor
614 2096 712 2146 fuit,
725 2101 775 2136 ut
787 2095 931 2136 eodem
947 2097 1123 2152 impetu,
1137 2112 1222 2151 quo
1235 2096 1432 2137 fuderant

236 2164 413 2214 hostem,
446 2164 628 2204 Romani
663 2169 800 2204 castra
835 2169 1044 2220 caperent.
1105 2165 1184 2205 hoc
1220 2165 1346 2205 modo
1378 2164 1432 2205 ad

236 2231 371 2272 lacum
425 2232 636 2286 Regillum
688 2237 926 2288 pugnatum
980 2237 1055 2273 est.
1145 2232 1331 2273 dictator
1389 2239 1433 2274 et

237 2300 436 2355 magister
462 2301 654 2356 equitum
683 2302 995 2356 triumphantes
1022 2301 1065 2342 in
1094 2301 1239 2342 urbem
1262 2301 1429 2343 rediere.
