1716 2542
255 152 315 194 22
735 147 961 197 Fidenae

251 269 443 322 agrisque
473 268 585 318 fecit,
616 274 665 309 ut
698 270 923 323 praedandi
957 287 1078 311 causa
1108 288 1230 312 nemo
1260 288 1309 312 ex
1341 288 1441 326 agro

252 339 445 378 Romano
485 338 628 378 exiret.
691 338 803 378 ultro
845 339 1081 389 Fidenates,
1112 342 1184 395 qui
1225 357 1266 381 se
1306 343 1442 396 primo

251 410 326 446 aut
374 404 587 446 montibus
633 410 709 445 aut
750 407 877 446 muris
918 411 1153 457 tenuerant,
1191 410 1441 464 populantes

251 473 552 513 descenderunt
573 474 615 513 in
637 489 784 528 agrum
806 475 1058 515 Romanum.
1119 475 1269 516 deinde
1299 478 1442 516 Veien-

198 556 231 588 15
251 542 358 581 tium
380 541 563 580 exercitu
584 542 873 581 accito—nam
901 542 1048 582 Falisci
1078 543 1176 598 pelli
1205 544 1259 584 ad
1286 544 1442 584 bellum

251 625 384 665 neque
405 610 521 650 clade
544 612 830 662 Romanorum
860 626 994 665 neque
1021 612 1224 651 sociorum
1254 612 1443 667 precibus

251 677 569 732 potuere—duo
616 678 763 733 populi
810 679 1011 719 transiere
1059 680 1280 729 Anienem,
1316 685 1444 735 atque

252 743 365 784 haud
396 744 540 800 procul
572 744 739 785 Collina
767 750 892 801 porta
922 747 1041 800 signa
1072 745 1265 787 habuere.

337 812 481 867 itaque
502 812 761 867 trepidatum
785 828 867 853 non
890 814 932 853 in
953 814 1063 868 agris
1086 814 1217 868 magis
1245 829 1371 868 quam
1400 815 1442 855 in

193 898 234 920 20
252 880 353 921 urbe
373 885 448 922 est.
511 880 642 920 Iulius
658 881 801 921 consul
815 882 857 921 in
874 897 1024 935 aggere
1039 882 1248 936 murisque
1261 882 1444 937 explicat

251 950 416 1005 copias;
456 965 481 990 a
514 950 709 1004 Verginio
739 955 906 990 senatus
937 951 979 990 in
1010 950 1112 990 aede
1148 951 1311 1000 Quirini
1349 966 1444 991 con-

251 1017 414 1058 sulitur.
476 1017 725 1058 dictatorem
741 1017 822 1057 dici
838 1018 1040 1067 Quintum
1057 1018 1275 1058 Servilium
1293 1018 1443 1073 placet,

252 1087 317 1126 cui
355 1087 494 1126 Prisco
531 1086 614 1127 fuit
649 1101 891 1141 cognomen.
956 1087 1186 1141 VerginiuS,
1221 1086 1321 1127 dum
1362 1088 1444 1127 col-

252 1155 387 1209 legam
424 1155 656 1196 consuleret
698 1160 897 1206 moratus,
929 1155 1200 1211 permittente
1231 1171 1293 1206 eo,
1323 1161 1446 1196 nocte

195 1235 233 1267 25
253 1223 502 1264 dictatorem
554 1223 676 1264 dixit.
743 1224 777 1264 is
827 1223 906 1264 sibi
958 1224 1203 1278 magistrum
1255 1225 1445 1279 equitum

254 1293 502 1332 Postumum
534 1291 769 1332 Aebutium
799 1291 914 1332 dicit.
976 1291 1161 1333 dictator
1189 1307 1330 1332 omnes
1358 1292 1446 1332 lucc

254 1362 390 1417 prima
416 1366 536 1401 extra
564 1366 730 1416 portam
760 1360 967 1401 Collinam
997 1360 1136 1401 adesse
1164 1360 1292 1401 iubet.
1355 1361 1446 1415 qui-

254 1430 509 1484 buscumque
543 1429 646 1469 vires
676 1433 798 1469 erant
828 1428 882 1469 ad
917 1443 1034 1468 arma
1068 1428 1250 1479 ferenda,
1281 1434 1447 1484 praesto

254 1498 378 1538 fuere.
441 1498 561 1552 signa
606 1512 658 1537 ex
704 1497 863 1537 aerario
911 1501 1109 1552 prompta
1156 1497 1348 1537 feruntur
1394 1497 1446 1537 ad

192 1580 232 1612 30
254 1567 516 1607 dictatorem.
578 1580 685 1620 quae
716 1580 808 1605 cum
840 1570 1078 1619 agerentur,
1109 1566 1246 1605 hostes
1282 1566 1324 1605 in
1358 1565 1448 1605 loca

254 1635 407 1676 altiora
437 1649 600 1674 cessere.

340 1718 388 1742 eo
419 1702 604 1742 dictator
634 1701 800 1755 agmine
831 1700 982 1740 infesto
1013 1701 1168 1748 subiit3
1200 1716 1273 1741 nec
1304 1701 1447 1757 procul

256 1772 468 1811 Nomento
508 1770 635 1824 signis
676 1768 840 1808 collatis
876 1768 989 1809 fudit
1021 1769 1218 1809 Etruscas
1253 1769 1446 1823 legiones.

256 1839 462 1895 compulit
486 1838 583 1878 inde
612 1838 654 1877 in
684 1836 826 1876 urbem
858 1836 1035 1876 Fidenas
1056 1836 1249 1891 valloque
1277 1837 1447 1877 circum-

199 1921 238 1954 35
256 1907 386 1947 dedit.
448 1905 519 1946 sed
541 1920 674 1960 neque
702 1904 819 1943 scalis
847 1904 939 1958 capi
969 1908 1139 1959 poterat
1167 1904 1263 1944 urbs
1291 1904 1379 1945 alta
1406 1909 1449 1944 et

259 1975 435 2023 munita,
476 1988 609 2028 neque
650 1973 692 2012 in
734 1971 949 2011 obsidione
986 1971 1044 2010 vis
1087 1971 1171 2010 ulla
1211 1977 1314 2021 erat,
1350 1972 1450 2026 quia

257 2043 513 2082 frumentum
529 2056 611 2080 non
630 2040 865 2080 necessitati
885 2039 1023 2089 modo,
1037 2039 1107 2079 sed
1124 2040 1266 2094 copiae
1282 2055 1450 2095 quoque

257 2125 306 2150 ex
354 2114 452 2149 ante
497 2108 672 2148 advecto
720 2107 960 2147 sufficiebat.
1036 2122 1132 2146 mox
1179 2107 1448 2161 expugnandi

258 2179 416 2235 pariter
459 2176 717 2231 cogendique
763 2176 816 2215 ad
857 2175 1112 2215 deditionem
1155 2190 1268 2229 spem
1309 2176 1450 2215 amisit

200 2266 242 2296 40
259 2247 454 2287 dictator,
518 2245 661 2298 itaque
692 2245 734 2283 in
767 2244 865 2283 loeis
897 2243 1145 2298 propinquis
1176 2247 1218 2282 et
1251 2244 1361 2282 notis
1396 2243 1450 2281 ab
