1716 2542
281 137 301 177 1
313 138 339 178 8
758 128 986 176 Fidenae

276 249 430 290 bellum
452 251 619 300 exorsis,
640 254 763 290 atrox
785 249 1001 289 dimicatio
1024 249 1222 290 instabat.
1283 249 1468 290 eonsules

275 319 402 359 creati
439 323 537 359 sunt
577 320 745 358 Marcus
786 319 999 372 Geganius
1034 323 1078 358 et
1114 319 1267 359 Lucius
1304 318 1469 371 Sergius

275 388 310 426 F
312 386 477 434 idenas3
508 401 533 425 a
553 385 664 425 bello
686 385 821 436 credo,
843 385 957 440 quod
985 385 1136 426 deinde
1163 385 1306 440 gessit,
1326 385 1463 440 appel-

218 469 258 490 20
276 454 409 494 latum
444 468 537 493 esse.
600 453 667 492 hic
703 453 812 492 enim
845 452 1004 507 primus
1040 453 1096 492 cis
1131 452 1339 493 Anienem
1376 467 1468 491 cum

277 537 371 576 rege
402 521 637 561 Veientium
670 520 850 561 secundo
880 520 1040 575 proelio
1071 520 1261 561 conflixit
1336 520 1470 560 multo

277 588 477 643 sanguine
522 603 570 628 ea
611 588 787 628 victoria
834 588 980 635 stetin
1041 588 1173 628 maior
1212 603 1262 628 ex
1312 587 1471 628 civibus

277 656 435 697 amissis
456 656 577 696 dolor
597 671 722 711 quam
749 656 915 696 laetitia
942 656 1042 696 fusis
1070 657 1261 697 hostibus
1290 656 1397 703 fuit;
1429 661 1473 696 et

276 730 456 775 senatus,
499 730 547 765 ut
599 725 640 765 in
692 724 867 780 trepidis
914 725 1050 775 rebus,
1090 725 1340 766 dictatorem
1388 724 1470 764 dicl

219 811 256 846 25
278 795 535 834 Mamercum
551 793 779 833 Aemilium
796 794 927 834 iussit.
972 794 1005 833 is
1019 793 1265 848 magistrum
1279 793 1469 848 equitum

279 862 455 902 Lucium
497 861 809 912 Cincinnatum,
845 861 1020 915 dignum
1058 866 1231 916 parente
1267 861 1470 911 iuvenem,

278 931 399 973 dixit.
461 931 723 971 centuriones
752 935 920 981 veteres,
950 930 1048 971 belli
1078 931 1218 986 periti,
1247 930 1397 980 additi,
1429 934 1472 970 et

278 1015 472 1040 numerus
486 999 728 1039 amissorum
746 999 938 1054 proxima
951 1014 1094 1054 pugna
1107 999 1309 1054 expletus.
1360 998 1471 1053 lega—

278 1072 344 1108 tos
362 1066 604 1117 Quinctium
627 1066 916 1122 Capitolinum
939 1071 982 1107 et
1004 1068 1193 1106 Marcum
1218 1065 1468 1107 Vibulanum

222 1152 262 1183 30
280 1135 393 1189 sequi
417 1150 457 1174 se
478 1134 663 1174 dictator
684 1133 815 1175 iussit.

433 1338 485 1375 W
483 1352 532 1376 m·
565 1337 658 1376 with
689 1338 731 1376 F
729 1338 882 1387 idemne,
923 1337 1014 1387 Veii,
1046 1339 1131 1377 and
1160 1339 1201 1377 F
1199 1338 1326 1377 alerii.

369 1471 433 1510 12.
496 1475 538 1510 et
579 1476 765 1525 potestas
803 1470 934 1511 maior
973 1476 1016 1511 et
1054 1472 1114 1511 vir
1155 1471 1355 1526 potestati
1398 1487 1474 1526 par

283 1537 420 1576 hostes
441 1552 491 1577 ex
512 1553 613 1591 agro
631 1539 824 1578 Romano
842 1543 957 1578 trans
974 1540 1181 1578 Anienem
1198 1554 1473 1586 summovere3

282 1604 487 1659 collesque
519 1606 628 1645 inter
656 1605 833 1645 Fidenas
861 1611 989 1661 atque
1018 1607 1224 1646 Anienem
1256 1611 1473 1661 ceperuntg

283 1688 356 1712 nec
386 1677 484 1712 ante
516 1673 557 1712 in
590 1688 756 1728 campos
787 1673 964 1727 degressi
996 1678 1107 1722 sunt,
1136 1688 1261 1728 quam
1294 1673 1474 1727 legiones

246 1753 263 1786 5
283 1740 536 1780 Faliscorum
567 1740 725 1780 auxilio
747 1745 961 1781 venerunt.
1024 1745 1115 1780 tum
1144 1740 1311 1780 demum
1341 1746 1476 1781 eastra

284 1809 556 1848 Etruscorum
588 1823 665 1863 pro
696 1808 912 1848 moenibus
941 1808 1192 1848 Fidenarum
1221 1808 1370 1864 posita.
1433 1813 1476 1849 et

283 1876 467 1916 dictator
489 1878 703 1916 Romanus
724 1876 838 1916 haud
860 1876 1003 1931 procul
1026 1876 1121 1916 inde
1142 1876 1196 1916 ad
1221 1876 1476 1916 confluentes

284 1944 392 1984 sedit
432 1945 473 1984 in
515 1945 615 2000 ripis
657 1945 872 1999 utriusque
912 1945 1056 1985 amnis.
1119 1949 1286 2000 postero
1326 1945 1392 1985 die
1433 1945 1475 1985 in

284 2012 413 2052 aciem
450 2012 632 2067 legiones
663 2012 820 2053 eduxit.
884 2013 994 2053 inter
1024 2013 1161 2053 hostes
1191 2013 1329 2053 variae
1364 2015 1476 2053 fuere

232 2100 269 2122 10
286 2081 527 2121 sententiae.
590 2081 786 2131 Faliscus,
838 2082 982 2137 procul
1031 2098 1056 2121 a
1105 2081 1230 2121 domo
1282 2081 1474 2121 militiam

287 2165 407 2202 aegre
424 2149 603 2203 patiens,
624 2150 808 2203 satisque
831 2149 959 2189 fidens
975 2149 1068 2199 sibi,
1086 2164 1250 2204 poscere
1273 2164 1477 2203 pugnam:

289 2217 449 2259 Veienti
484 2217 760 2272 Fidenatique
797 2217 889 2272 plus
924 2217 1010 2272 spei
1047 2217 1089 2256 in
1127 2216 1332 2256 trahendo
1368 2216 1478 2257 bello
