1716 2542
231 122 252 162 1
262 122 290 162 6
684 115 787 163 Tlae
822 116 972 162 Fabii

191 253 208 284 5
227 250 277 274 ex
324 236 499 275 Etruria
546 237 744 285 exercitu,
786 242 1063 292 oppugnant;
1113 243 1156 279 et
1207 240 1422 280 Romanae

227 303 425 358 legiones,
465 304 519 344 ab
561 305 745 344 Aemilio
787 305 954 344 consule
994 305 1158 356 ductae,
1191 308 1422 347 comminus

227 387 321 412 eum
344 374 533 412 Etruscis
555 372 772 413 dimicant.
834 373 974 414 hostes
1002 375 1082 414 fusi
1104 381 1217 415 retro
1239 375 1292 416 ad
1315 378 1422 417 Saxa

229 441 493 482 Rubra—ibi
549 446 684 481 castra
743 441 1159 499 habebant—pacem
1219 445 1424 500 supplices

229 513 394 565 petunt.
477 523 574 549 mox
614 524 753 549 rursus
800 525 893 549 cum
945 511 1086 551 Fabiis
1130 517 1220 552 erat
1262 514 1421 553 Veienti

175 600 212 622 10
230 577 388 633 populo
429 581 649 618 certamen.
731 592 805 618 nec
845 583 965 619 erant
1005 579 1258 620 incursiones
1299 581 1424 621 modo

230 648 272 687 in
303 662 449 701 agr0s3
481 645 551 686 sed
579 646 832 701 aliquotiens
860 662 994 701 aequo
1016 663 1164 703 eampo
1190 653 1423 696 certatum:

229 730 412 770 gensque
433 730 517 754 una
537 715 684 770 populi
703 716 883 755 Romani
902 732 1021 771 saepe
1038 732 1087 756 ex
1109 717 1425 772 opulentissima

230 786 410 825 Etrusca
426 784 598 824 civitate
614 784 833 824 victoriam
851 785 964 825 tulit.
1008 784 1050 825 id
1073 786 1209 841 primo
1230 787 1423 827 acerbum

231 854 536 908 indignumque
554 852 797 893 Veientibus
810 858 873 893 est
889 854 1034 895 visum.
1088 854 1184 894 inde
1206 856 1423 896 consilium

176 936 211 969 15
232 928 371 963 ortum
386 926 449 961 est
465 920 626 961 insidiis
640 921 815 960 ferocem
832 922 993 961 hostem
1010 922 1213 976 capiendi.
1244 923 1425 976 gaudere

231 993 357 1033 etiam
381 990 495 1046 quod
522 989 657 1029 multo
686 1004 870 1029 successu
899 989 1040 1029 Fabiis
1068 989 1245 1030 audacia
1266 992 1422 1032 crescit.

231 1061 375 1115 itaque
411 1074 560 1114 pecora
595 1057 895 1113 praedantibus
932 1057 1097 1097 obviam
1129 1062 1250 1105 aeta;
1290 1074 1424 1112 agres-

232 1128 338 1168 tium
369 1127 470 1181 fuga
498 1125 604 1165 vasti
634 1125 768 1165 relicti
797 1125 913 1178 agri;
946 1124 1132 1164 subsidia
1152 1130 1425 1173 armatorum,

231 1195 285 1234 ad
315 1193 513 1234 arcendas
545 1192 837 1248 populationes
870 1192 1003 1241 missa,
1035 1193 1197 1247 saepius
1228 1193 1425 1233 simulato

174 1282 215 1304 20
233 1278 385 1319 pavore
406 1262 617 1315 fugerunt.

318 1331 485 1385 iamque
516 1328 635 1369 Fabii
668 1328 772 1368 adeo
803 1333 1140 1383 contempserant
1170 1328 1345 1378 hostem,
1378 1334 1424 1369 ut

233 1414 307 1439 sua
346 1398 504 1438 invicta
542 1411 659 1436 arma
698 1395 913 1435 crederent
954 1411 1036 1434 non
1069 1397 1262 1436 sustineri
1295 1412 1423 1451 posse.

233 1468 334 1508 haec
354 1482 445 1522 spes
466 1481 534 1505 eos
556 1464 764 1520 provexit,
781 1468 829 1503 ut
849 1463 903 1503 ad
925 1464 1011 1503 visa
1027 1464 1171 1518 procul
1188 1480 1213 1503 a
1234 1466 1427 1504 Cremera

234 1552 384 1593 pecora
408 1535 685 1576 decurrerent.
756 1537 812 1581 et,
834 1547 924 1572 cum
950 1537 1103 1572 temere
1125 1533 1294 1572 insidias
1320 1534 1427 1573 circa

177 1620 216 1652 25
234 1606 370 1660 ipsum
392 1604 473 1643 iter
493 1602 650 1657 positas
671 1604 946 1655 superassent,
969 1600 1204 1654 passimque
1232 1605 1426 1654 raperent

235 1687 398 1728 pecora,
419 1670 561 1710 subito
589 1683 639 1708 ex
667 1667 827 1707 insidiis
856 1668 1132 1721 consurgitur.
1195 1668 1355 1708 adversi
1384 1674 1426 1708 et

236 1739 421 1794 undique
453 1738 591 1777 hostes
627 1740 758 1776 erant.
834 1734 970 1789 primo
1005 1734 1162 1774 clamor
1193 1736 1427 1783 exterruit,

234 1808 330 1849 dein
353 1807 438 1848 tela
458 1805 513 1846 ab
534 1804 646 1845 omni
665 1808 784 1859 parte
801 1802 1054 1843 incidebant.
1098 1803 1427 1858 coeuntibusque

237 1876 438 1924 Etruscis,
470 1874 552 1913 iam
586 1873 747 1926 ingenti
784 1872 950 1925 agmine
985 1876 1243 1911 armatorum
1278 1873 1426 1926 saepti,

179 1964 219 1995 30
236 1960 321 1999 quo
344 1943 474 1997 magis
490 1957 531 1981 se
547 1941 678 1981 hostis
692 1940 913 1988 inferebat,
929 1954 978 1979 eo
999 1940 1041 1979 in
1059 1939 1222 1979 brevius
1243 1940 1424 1994 spatium

236 2012 507 2067 cogebantur.
573 2024 679 2063 quae
720 2024 782 2048 res
822 2013 865 2047 et
905 2007 1161 2062 paucitatem
1202 2021 1342 2045 eorum
1385 2012 1428 2047 ct

238 2078 554 2120 multitudinem
579 2078 849 2116 Etruscormn
873 2075 1075 2129 insignem
1099 2073 1290 2114 faciebat.
1335 2079 1424 2114 tum

241 2148 374 2197 Fabii,
410 2146 558 2185 omissa
599 2159 753 2199 pugna,
790 2144 831 2183 in
874 2157 1002 2182 unum
1039 2142 1173 2182 locum
1211 2157 1251 2181 se
1286 2157 1427 2181 omnes

239 2215 455 2256 inclinant.
519 2214 595 2253 nisi
625 2211 867 2267 corporibus
894 2211 1101 2264 armisque
1129 2225 1275 2264 rupere
1296 2225 1427 2249 cuneo
