<?xml version="1.0" encoding="UTF-8"?>
<!DOCTYPE html PUBLIC "-//W3C//DTD XHTML 1.0 Transitional//EN"
    "http://www.w3.org/TR/xhtml1/DTD/xhtml1-transitional.dtd">
<html xmlns="http://www.w3.org/1999/xhtml" xml:lang="en" lang="en">
 <head>
  <title>
</title>
<meta http-equiv="Content-Type" content="text/html;charset=utf-8" />
  <meta name='ocr-system' content='tesseract 3.04.00' />
  <meta name='ocr-capabilities' content='ocr_page ocr_carea ocr_par ocr_line ocrx_word'/>
</head>
<body>
  <div class='ocr_page' id='page_1' title='image "./horatiusothersto00livyuoft_0037.png"; bbox 0 0 1716 2542; ppageno 0'>
   <div class='ocr_carea' id='block_1_1' title="bbox 0 823 35 2542">
    <p class='ocr_par' dir='ltr' id='par_1_1' title="bbox 0 823 35 2542">
     <span class='ocr_line' id='line_1_1' title="bbox 0 823 35 2542; baseline 0 0"><span class='ocrx_word' id='word_1_1' title='bbox 0 823 35 2542; x_wconf 95' lang='lat' dir='ltr'> </span> 
     </span>
    </p>
   </div>
   <div class='ocr_carea' id='block_1_2' title="bbox 706 91 1411 143">
    <p class='ocr_par' dir='ltr' id='par_1_2' title="bbox 706 91 1411 143">
     <span class='ocr_line' id='line_1_2' title="bbox 706 91 1411 143; baseline 0.006 -5"><span class='ocrx_word' id='word_1_2' title='bbox 706 91 934 139; x_wconf 75' lang='lat' dir='ltr'><em>Fidenae</em></span> <span class='ocrx_word' id='word_1_3' title='bbox 1356 101 1376 140; x_wconf 94' lang='lat' dir='ltr'>l</span> <span class='ocrx_word' id='word_1_4' title='bbox 1386 95 1411 143; x_wconf 86' lang='lat'><strong>7</strong></span> 
     </span>
    </p>
   </div>
   <div class='ocr_carea' id='block_1_3' title="bbox 216 212 1475 938">
    <p class='ocr_par' dir='ltr' id='par_1_3' title="bbox 216 212 1475 938">
     <span class='ocr_line' id='line_1_3' title="bbox 219 212 1473 266; baseline 0 -13"><span class='ocrx_word' id='word_1_5' title='bbox 219 215 341 255; x_wconf 87' lang='lat' dir='ltr'>viam.</span> <span class='ocrx_word' id='word_1_6' title='bbox 421 213 667 255; x_wconf 81' lang='lat' dir='ltr'>ascendunt</span> <span class='ocrx_word' id='word_1_7' title='bbox 693 214 735 253; x_wconf 93' lang='lat' dir='ltr'>in</span> <span class='ocrx_word' id='word_1_8' title='bbox 777 217 1015 266; x_wconf 75' lang='lat' dir='ltr'><strong>surgentem</strong></span> <span class='ocrx_word' id='word_1_9' title='bbox 1063 213 1214 252; x_wconf 90' lang='lat' dir='ltr'>leniter</span> <span class='ocrx_word' id='word_1_10' title='bbox 1254 212 1414 253; x_wconf 86' lang='lat' dir='ltr'>collem.</span> <span class='ocrx_word' id='word_1_11' title='bbox 1435 225 1473 258; x_wconf 82' lang='lat'>35</span> 
     </span>
     <span class='ocr_line' id='line_1_4' title="bbox 218 280 1417 337; baseline -0.002 -16"><span class='ocrx_word' id='word_1_12' title='bbox 218 281 316 321; x_wconf 84' lang='lat' dir='ltr'>inde</span> <span class='ocrx_word' id='word_1_13' title='bbox 347 282 483 337; x_wconf 86' lang='lat' dir='ltr'>primo</span> <span class='ocrx_word' id='word_1_14' title='bbox 508 282 723 329; x_wconf 83' lang='lat' dir='ltr'>restitere3</span> <span class='ocrx_word' id='word_1_15' title='bbox 756 296 866 330; x_wconf 83' lang='lat' dir='ltr'>mox,</span> <span class='ocrx_word' id='word_1_16' title='bbox 889 286 938 322; x_wconf 92' lang='lat' dir='ltr'>ut</span> <span class='ocrx_word' id='word_1_17' title='bbox 965 280 1198 336; x_wconf 87' lang='lat' dir='ltr'>respirandi</span> <span class='ocrx_word' id='word_1_18' title='bbox 1229 280 1417 336; x_wconf 84' lang='lat' dir='ltr'>superior</span> 
     </span>
     <span class='ocr_line' id='line_1_5' title="bbox 217 348 1413 405; baseline -0.002 -16"><span class='ocrx_word' id='word_1_19' title='bbox 217 349 331 390; x_wconf 89' lang='lat' dir='ltr'>locus</span> <span class='ocrx_word' id='word_1_20' title='bbox 371 350 555 405; x_wconf 89' lang='lat' dir='ltr'>spatium</span> <span class='ocrx_word' id='word_1_21' title='bbox 596 349 729 400; x_wconf 89' lang='lat' dir='ltr'>dedit,</span> <span class='ocrx_word' id='word_1_22' title='bbox 770 349 967 405; x_wconf 82' lang='lat' dir='ltr'>pepulere</span> <span class='ocrx_word' id='word_1_23' title='bbox 1008 349 1136 389; x_wconf 89' lang='lat' dir='ltr'>etiam</span> <span class='ocrx_word' id='word_1_24' title='bbox 1178 348 1413 389; x_wconf 80' lang='lat' dir='ltr'>subeuntes.</span> 
     </span>
     <span class='ocr_line' id='line_1_6' title="bbox 218 415 1415 473; baseline -0.002 -16"><span class='ocrx_word' id='word_1_25' title='bbox 218 417 497 472; x_wconf 89' lang='lat' dir='ltr'>vincebatque</span> <span class='ocrx_word' id='word_1_26' title='bbox 513 417 673 458; x_wconf 80' lang='lat' dir='ltr'>auxilio</span> <span class='ocrx_word' id='word_1_27' title='bbox 694 417 773 457; x_wconf 89' lang='lat' dir='ltr'>loci</span> <span class='ocrx_word' id='word_1_28' title='bbox 793 418 1006 473; x_wconf 71' lang='lat' dir='ltr'>&#39;paucitas;</span> <span class='ocrx_word' id='word_1_29' title='bbox 1028 415 1099 457; x_wconf 92' lang='lat' dir='ltr'>sed</span> <span class='ocrx_word' id='word_1_30' title='bbox 1121 417 1220 471; x_wconf 82' lang='lat' dir='ltr'>iugo</span> <span class='ocrx_word' id='word_1_31' title='bbox 1242 416 1415 456; x_wconf 88' lang='lat' dir='ltr'>circum-</span> 
     </span>
     <span class='ocr_line' id='line_1_7' title="bbox 220 485 1416 540; baseline -0.001 -14"><span class='ocrx_word' id='word_1_32' title='bbox 220 486 365 526; x_wconf 86' lang='lat' dir='ltr'>missus</span> <span class='ocrx_word' id='word_1_33' title='bbox 387 486 533 526; x_wconf 91' lang='lat' dir='ltr'>Veiens</span> <span class='ocrx_word' id='word_1_34' title='bbox 555 485 598 525; x_wconf 92' lang='lat' dir='ltr'>in</span> <span class='ocrx_word' id='word_1_35' title='bbox 620 485 817 526; x_wconf 87' lang='lat' dir='ltr'>verticem</span> <span class='ocrx_word' id='word_1_36' title='bbox 834 485 950 525; x_wconf 91' lang='lat' dir='ltr'>collis</span> <span class='ocrx_word' id='word_1_37' title='bbox 964 486 1106 526; x_wconf 88' lang='lat' dir='ltr'>evasit.</span> <span class='ocrx_word' id='word_1_38' title='bbox 1150 486 1213 525; x_wconf 88' lang='lat' dir='ltr'>ita</span> <span class='ocrx_word' id='word_1_39' title='bbox 1228 485 1416 540; x_wconf 89' lang='lat' dir='ltr'>superior</span> 
     </span>
     <span class='ocr_line' id='line_1_8' title="bbox 217 553 1475 603; baseline 0 -9"><span class='ocrx_word' id='word_1_40' title='bbox 217 569 357 594; x_wconf 87' lang='lat' dir='ltr'>rursus</span> <span class='ocrx_word' id='word_1_41' title='bbox 384 554 518 594; x_wconf 88' lang='lat' dir='ltr'>hostis</span> <span class='ocrx_word' id='word_1_42' title='bbox 546 554 693 594; x_wconf 90' lang='lat' dir='ltr'>factus.</span> <span class='ocrx_word' id='word_1_43' title='bbox 755 553 876 594; x_wconf 80' lang='lat' dir='ltr'><strong>Fabii</strong></span> <span class='ocrx_word' id='word_1_44' title='bbox 906 554 1009 593; x_wconf 90' lang='lat' dir='ltr'>caesi</span> <span class='ocrx_word' id='word_1_45' title='bbox 1031 553 1086 593; x_wconf 89' lang='lat' dir='ltr'>ad</span> <span class='ocrx_word' id='word_1_46' title='bbox 1107 568 1237 593; x_wconf 90' lang='lat' dir='ltr'>unum</span> <span class='ocrx_word' id='word_1_47' title='bbox 1259 568 1413 603; x_wconf 89' lang='lat' dir='ltr'>omnes,</span> <span class='ocrx_word' id='word_1_48' title='bbox 1433 572 1475 602; x_wconf 88' lang='lat'>40</span> 
     </span>
     <span class='ocr_line' id='line_1_9' title="bbox 217 621 1414 678; baseline -0.001 -16"><span class='ocrx_word' id='word_1_49' title='bbox 217 621 556 678; x_wconf 83' lang='lat' dir='ltr'>praesidiumque</span> <span class='ocrx_word' id='word_1_50' title='bbox 575 625 878 676; x_wconf 84' lang='lat' dir='ltr'>expugnatum.</span> <span class='ocrx_word' id='word_1_51' title='bbox 940 625 1149 661; x_wconf 86' lang='lat' dir='ltr'>trecentos</span> <span class='ocrx_word' id='word_1_52' title='bbox 1169 635 1240 661; x_wconf 84' lang='lat' dir='ltr'>sex</span> <span class='ocrx_word' id='word_1_53' title='bbox 1264 621 1414 676; x_wconf 82' lang='lat' dir='ltr'>perisse</span> 
     </span>
     <span class='ocr_line' id='line_1_10' title="bbox 217 689 1412 744; baseline -0.002 -14"><span class='ocrx_word' id='word_1_54' title='bbox 217 694 409 737; x_wconf 78' lang='lat' dir='ltr'>constat3</span> <span class='ocrx_word' id='word_1_55' title='bbox 452 703 582 729; x_wconf 92' lang='lat' dir='ltr'>unum</span> <span class='ocrx_word' id='word_1_56' title='bbox 623 693 766 729; x_wconf 90' lang='lat' dir='ltr'>autem</span> <span class='ocrx_word' id='word_1_57' title='bbox 807 703 983 744; x_wconf 85' lang='lat' dir='ltr'>puerum</span> <span class='ocrx_word' id='word_1_58' title='bbox 1020 690 1182 728; x_wconf 88' lang='lat' dir='ltr'>Romae</span> <span class='ocrx_word' id='word_1_59' title='bbox 1222 689 1412 728; x_wconf 86' lang='lat' dir='ltr'>relictum</span> 
     </span>
     <span class='ocr_line' id='line_1_11' title="bbox 216 755 1412 812; baseline -0.001 -16"><span class='ocrx_word' id='word_1_60' title='bbox 216 772 315 806; x_wconf 87' lang='lat' dir='ltr'>esse,</span> <span class='ocrx_word' id='word_1_61' title='bbox 336 756 510 812; x_wconf 88' lang='lat' dir='ltr'>stirpem</span> <span class='ocrx_word' id='word_1_62' title='bbox 531 756 650 811; x_wconf 86' lang='lat' dir='ltr'>genti</span> <span class='ocrx_word' id='word_1_63' title='bbox 671 755 841 806; x_wconf 81' lang='lat' dir='ltr'>Fabiae,</span> <span class='ocrx_word' id='word_1_64' title='bbox 862 756 1085 810; x_wconf 91' lang='lat' dir='ltr'>dubiisque</span> <span class='ocrx_word' id='word_1_65' title='bbox 1112 755 1235 796; x_wconf 91' lang='lat' dir='ltr'>rebus</span> <span class='ocrx_word' id='word_1_66' title='bbox 1266 756 1412 811; x_wconf 90' lang='lat' dir='ltr'>populi</span> 
     </span>
     <span class='ocr_line' id='line_1_12' title="bbox 217 823 1411 879; baseline 0 -15"><span class='ocrx_word' id='word_1_67' title='bbox 217 824 400 864; x_wconf 88' lang='lat' dir='ltr'>Romani</span> <span class='ocrx_word' id='word_1_68' title='bbox 417 839 539 879; x_wconf 81' lang='lat' dir='ltr'>saepe</span> <span class='ocrx_word' id='word_1_69' title='bbox 552 823 667 864; x_wconf 91' lang='lat' dir='ltr'>domi</span> <span class='ocrx_word' id='word_1_70' title='bbox 684 823 866 879; x_wconf 87' lang='lat' dir='ltr'>bellique</span> <span class='ocrx_word' id='word_1_71' title='bbox 884 823 947 864; x_wconf 88' lang='lat' dir='ltr'>vel</span> <span class='ocrx_word' id='word_1_72' title='bbox 969 825 1199 864; x_wconf 79' lang='lat' dir='ltr'>maximum</span> <span class='ocrx_word' id='word_1_73' title='bbox 1221 824 1411 865; x_wconf 88' lang='lat' dir='ltr'>futurum</span> 
     </span>
     <span class='ocr_line' id='line_1_13' title="bbox 216 890 1470 938; baseline 0 -7"><span class='ocrx_word' id='word_1_74' title='bbox 216 890 435 932; x_wconf 76' lang='lat' dir='ltr'>auxilium.</span> <span class='ocrx_word' id='word_1_75' title='bbox 1305 933 1309 936; x_wconf 63' lang='grc'>,</span> <span class='ocrx_word' id='word_1_76' title='bbox 1430 906 1470 938; x_wconf 85' lang='grc'>45</span> 
     </span>
    </p>
   </div>
   <div class='ocr_carea' id='block_1_4' title="bbox 597 1034 1037 1088">
    <p class='ocr_par' dir='ltr' id='par_1_4' title="bbox 597 1034 1037 1088">
     <span class='ocr_line' id='line_1_14' title="bbox 597 1034 1037 1088; baseline 0.005 -15"><span class='ocrx_word' id='word_1_77' title='bbox 597 1034 739 1074; x_wconf 75' lang='lat' dir='ltr'>Revolt</span> <span class='ocrx_word' id='word_1_78' title='bbox 769 1034 824 1088; x_wconf 74' lang='lat' dir='ltr'>of</span> <span class='ocrx_word' id='word_1_79' title='bbox 844 1035 1037 1075; x_wconf 77' lang='lat' dir='ltr'>Fidenae.</span> 
     </span>
    </p>
   </div>
   <div class='ocr_carea' id='block_1_5' title="bbox 215 1143 1470 2225">
    <p class='ocr_par' dir='ltr' id='par_1_5' title="bbox 215 1143 1470 2023">
     <span class='ocr_line' id='line_1_15' title="bbox 304 1143 1468 1206; baseline -0.002 -8"><span class='ocrx_word' id='word_1_80' title='bbox 304 1158 370 1198; x_wconf 92' lang='grc'>11.</span> <span class='ocrx_word' id='word_1_81' title='bbox 432 1155 628 1206; x_wconf 79' lang='lat' dir='ltr'>Fidenae,</span> <span class='ocrx_word' id='word_1_82' title='bbox 669 1155 833 1196; x_wconf 84' lang='lat' dir='ltr'>colonia</span> <span class='ocrx_word' id='word_1_83' title='bbox 880 1158 1086 1206; x_wconf 88' lang='lat' dir='ltr'>Romana,</span> <span class='ocrx_word' id='word_1_84' title='bbox 1134 1156 1188 1196; x_wconf 85' lang='lat' dir='ltr'>ad</span> <span class='ocrx_word' id='word_1_85' title='bbox 1238 1156 1409 1196; x_wconf 83' lang='lat' dir='ltr'>Lartem</span> <span class='ocrx_word' id='word_1_86' title='bbox 1466 1143 1468 1146; x_wconf 16' lang='lat' dir='ltr'>V</span> 
     </span>
     <span class='ocr_line' id='line_1_16' title="bbox 216 1223 1411 1278; baseline -0.001 -14"><span class='ocrx_word' id='word_1_87' title='bbox 216 1224 504 1273; x_wconf 89' lang='lat' dir='ltr'>Tolumnium,</span> <span class='ocrx_word' id='word_1_88' title='bbox 546 1223 782 1263; x_wconf 76' lang='lat' dir='ltr'>Veientium</span> <span class='ocrx_word' id='word_1_89' title='bbox 828 1238 980 1278; x_wconf 84' lang='lat' dir='ltr'>regem,</span> <span class='ocrx_word' id='word_1_90' title='bbox 1021 1223 1217 1264; x_wconf 85' lang='lat' dir='ltr'>defecere.</span> <span class='ocrx_word' id='word_1_91' title='bbox 1278 1224 1411 1263; x_wconf 91' lang='lat' dir='ltr'>maius</span> 
     </span>
     <span class='ocr_line' id='line_1_17' title="bbox 215 1290 1409 1345; baseline -0.002 -13"><span class='ocrx_word' id='word_1_92' title='bbox 215 1291 409 1332; x_wconf 89' lang='lat' dir='ltr'>additum</span> <span class='ocrx_word' id='word_1_93' title='bbox 424 1290 649 1331; x_wconf 76' lang='lat' dir='ltr'>defectioni</span> <span class='ocrx_word' id='word_1_94' title='bbox 663 1290 809 1331; x_wconf 87' lang='lat' dir='ltr'>scelus:</span> <span class='ocrx_word' id='word_1_95' title='bbox 827 1290 988 1345; x_wconf 87' lang='lat' dir='ltr'>legatos</span> <span class='ocrx_word' id='word_1_96' title='bbox 1001 1292 1230 1340; x_wconf 90' lang='lat' dir='ltr'>Romanos,</span> <span class='ocrx_word' id='word_1_97' title='bbox 1244 1305 1409 1330; x_wconf 88' lang='lat' dir='ltr'>causam</span> 
     </span>
     <span class='ocr_line' id='line_1_18' title="bbox 216 1358 1410 1414; baseline -0.002 -15"><span class='ocrx_word' id='word_1_98' title='bbox 216 1359 314 1399; x_wconf 91' lang='lat' dir='ltr'>novi</span> <span class='ocrx_word' id='word_1_99' title='bbox 361 1359 524 1399; x_wconf 87' lang='lat' dir='ltr'>consilii</span> <span class='ocrx_word' id='word_1_100' title='bbox 570 1363 830 1414; x_wconf 85' lang='lat' dir='ltr'>quaerentes,</span> <span class='ocrx_word' id='word_1_101' title='bbox 871 1359 983 1399; x_wconf 91' lang='lat' dir='ltr'>iussu</span> <span class='ocrx_word' id='word_1_102' title='bbox 1022 1358 1241 1399; x_wconf 89' lang='lat' dir='ltr'>Tolumnii</span> <span class='ocrx_word' id='word_1_103' title='bbox 1281 1358 1410 1398; x_wconf 88' lang='lat' dir='ltr'>inter-</span> 
     </span>
     <span class='ocr_line' id='line_1_19' title="bbox 215 1425 1448 1481; baseline -0.002 -14"><span class='ocrx_word' id='word_1_104' title='bbox 215 1427 414 1467; x_wconf 74' lang='lat' dir='ltr'>fecerunt.</span> <span class='ocrx_word' id='word_1_105' title='bbox 476 1425 619 1466; x_wconf 85' lang='lat' dir='ltr'>levant</span> <span class='ocrx_word' id='word_1_106' title='bbox 639 1425 811 1481; x_wconf 86' lang='lat' dir='ltr'>quidam</span> <span class='ocrx_word' id='word_1_107' title='bbox 832 1426 940 1480; x_wconf 86' lang='lat' dir='ltr'>regis</span> <span class='ocrx_word' id='word_1_108' title='bbox 961 1426 1133 1467; x_wconf 86' lang='lat' dir='ltr'>facinus.</span> <span class='ocrx_word' id='word_1_109' title='bbox 1195 1426 1238 1465; x_wconf 92' lang='lat' dir='ltr'>in</span> <span class='ocrx_word' id='word_1_110' title='bbox 1266 1430 1410 1465; x_wconf 88' lang='lat' dir='ltr'>tesser-</span> <span class='ocrx_word' id='word_1_111' title='bbox 1431 1443 1448 1476; x_wconf 85' lang='lat'><strong>5</strong></span> 
     </span>
     <span class='ocr_line' id='line_1_20' title="bbox 215 1493 1411 1550; baseline -0.001 -16"><span class='ocrx_word' id='word_1_112' title='bbox 215 1509 333 1534; x_wconf 89' lang='lat' dir='ltr'>arum</span> <span class='ocrx_word' id='word_1_113' title='bbox 355 1509 553 1550; x_wconf 86' lang='lat' dir='ltr'>prospero</span> <span class='ocrx_word' id='word_1_114' title='bbox 574 1494 688 1534; x_wconf 90' lang='lat' dir='ltr'>iactu</span> <span class='ocrx_word' id='word_1_115' title='bbox 710 1509 851 1534; x_wconf 91' lang='lat' dir='ltr'>vocem</span> <span class='ocrx_word' id='word_1_116' title='bbox 879 1495 965 1534; x_wconf 91' lang='lat' dir='ltr'>eius</span> <span class='ocrx_word' id='word_1_117' title='bbox 993 1493 1236 1548; x_wconf 83' lang='lat' dir='ltr'>ambiguam</span> <span class='ocrx_word' id='word_1_118' title='bbox 1263 1493 1411 1534; x_wconf 87' lang='lat' dir='ltr'>dicunt</span> 
     </span>
     <span class='ocr_line' id='line_1_21' title="bbox 215 1561 1410 1618; baseline -0.001 -16"><span class='ocrx_word' id='word_1_119' title='bbox 215 1577 241 1602; x_wconf 87' lang='lat' dir='ltr'>a</span> <span class='ocrx_word' id='word_1_120' title='bbox 261 1562 536 1603; x_wconf 90' lang='lat' dir='ltr'>Fidenatibus</span> <span class='ocrx_word' id='word_1_121' title='bbox 551 1567 769 1618; x_wconf 82' lang='lat' dir='ltr'>exceptam</span> <span class='ocrx_word' id='word_1_122' title='bbox 786 1578 870 1602; x_wconf 90' lang='lat' dir='ltr'>esse</span> <span class='ocrx_word' id='word_1_123' title='bbox 891 1577 1056 1603; x_wconf 85' lang='lat' dir='ltr'>causam</span> <span class='ocrx_word' id='word_1_124' title='bbox 1079 1562 1226 1602; x_wconf 90' lang='lat' dir='ltr'>mortis</span> <span class='ocrx_word' id='word_1_125' title='bbox 1241 1561 1410 1616; x_wconf 80' lang='lat' dir='ltr'>legatis;</span> 
     </span>
     <span class='ocr_line' id='line_1_22' title="bbox 215 1630 1410 1686; baseline 0.001 -16"><span class='ocrx_word' id='word_1_126' title='bbox 215 1635 278 1679; x_wconf 90' lang='lat' dir='ltr'>ut,</span> <span class='ocrx_word' id='word_1_127' title='bbox 308 1631 494 1686; x_wconf 89' lang='lat' dir='ltr'>‘optime</span> <span class='ocrx_word' id='word_1_128' title='bbox 511 1631 542 1671; x_wconf 63' lang='grc' dir='ltr'><strong><em>Γ</em></strong></span> <span class='ocrx_word' id='word_1_129' title='bbox 569 1630 820 1680; x_wconf 83' lang='lat' dir='ltr'>exclamans,</span> <span class='ocrx_word' id='word_1_130' title='bbox 847 1630 978 1671; x_wconf 89' lang='lat' dir='ltr'>occidi</span> <span class='ocrx_word' id='word_1_131' title='bbox 1010 1646 1078 1671; x_wconf 90' lang='lat' dir='ltr'>eos</span> <span class='ocrx_word' id='word_1_132' title='bbox 1108 1631 1270 1671; x_wconf 88' lang='lat' dir='ltr'>iussisse</span> <span class='ocrx_word' id='word_1_133' title='bbox 1298 1631 1410 1671; x_wconf 90' lang='lat' dir='ltr'>vide-</span> 
     </span>
     <span class='ocr_line' id='line_1_23' title="bbox 216 1698 1409 1749; baseline 0.001 -11"><span class='ocrx_word' id='word_1_134' title='bbox 216 1703 342 1739; x_wconf 90' lang='lat' dir='ltr'>retur.</span> <span class='ocrx_word' id='word_1_135' title='bbox 404 1698 475 1739; x_wconf 89' lang='lat' dir='ltr'>sed</span> <span class='ocrx_word' id='word_1_136' title='bbox 515 1699 758 1740; x_wconf 81' lang='lat' dir='ltr'>incredibile</span> <span class='ocrx_word' id='word_1_137' title='bbox 798 1704 862 1740; x_wconf 90' lang='lat' dir='ltr'>est</span> <span class='ocrx_word' id='word_1_138' title='bbox 897 1700 1087 1740; x_wconf 90' lang='lat' dir='ltr'>oratione</span> <span class='ocrx_word' id='word_1_139' title='bbox 1126 1698 1409 1749; x_wconf 87' lang='lat' dir='ltr'>Fidenatium,</span> 
     </span>
     <span class='ocr_line' id='line_1_24' title="bbox 215 1765 1470 1815; baseline -0.001 -9"><span class='ocrx_word' id='word_1_140' title='bbox 215 1780 418 1806; x_wconf 90' lang='lat' dir='ltr'>novorum</span> <span class='ocrx_word' id='word_1_141' title='bbox 460 1766 662 1806; x_wconf 87' lang='lat' dir='ltr'>sociorum</span> <span class='ocrx_word' id='word_1_142' title='bbox 705 1765 756 1806; x_wconf 88' lang='lat' dir='ltr'>de</span> <span class='ocrx_word' id='word_1_143' title='bbox 796 1765 920 1806; x_wconf 90' lang='lat' dir='ltr'>caede</span> <span class='ocrx_word' id='word_1_144' title='bbox 964 1765 1286 1815; x_wconf 88' lang='lat' dir='ltr'>consulentium,</span> <span class='ocrx_word' id='word_1_145' title='bbox 1324 1781 1409 1806; x_wconf 93' lang='lat' dir='ltr'>non</span> <span class='ocrx_word' id='word_1_146' title='bbox 1432 1783 1470 1804; x_wconf 90' lang='lat'>10</span> 
     </span>
     <span class='ocr_line' id='line_1_25' title="bbox 215 1832 1410 1874; baseline 0 -1"><span class='ocrx_word' id='word_1_147' title='bbox 215 1848 403 1873; x_wconf 87' lang='lat' dir='ltr'>aversum</span> <span class='ocrx_word' id='word_1_148' title='bbox 420 1848 504 1873; x_wconf 87' lang='lat' dir='ltr'>esse</span> <span class='ocrx_word' id='word_1_149' title='bbox 517 1849 542 1873; x_wconf 90' lang='lat' dir='ltr'>a</span> <span class='ocrx_word' id='word_1_150' title='bbox 557 1833 659 1874; x_wconf 93' lang='lat' dir='ltr'>ludo</span> <span class='ocrx_word' id='word_1_151' title='bbox 671 1834 872 1874; x_wconf 90' lang='lat' dir='ltr'>animum.</span> <span class='ocrx_word' id='word_1_152' title='bbox 923 1833 1090 1874; x_wconf 90' lang='lat' dir='ltr'>videtur</span> <span class='ocrx_word' id='word_1_153' title='bbox 1101 1848 1173 1873; x_wconf 85' lang='lat' dir='ltr'>rex</span> <span class='ocrx_word' id='word_1_154' title='bbox 1187 1832 1410 1873; x_wconf 89' lang='lat' dir='ltr'>Fidenates</span> 
     </span>
     <span class='ocr_line' id='line_1_26' title="bbox 216 1899 1411 1956; baseline 0 -16"><span class='ocrx_word' id='word_1_155' title='bbox 216 1905 339 1941; x_wconf 87' lang='lat' dir='ltr'>tanto</span> <span class='ocrx_word' id='word_1_156' title='bbox 367 1900 515 1940; x_wconf 88' lang='lat' dir='ltr'>scelere</span> <span class='ocrx_word' id='word_1_157' title='bbox 542 1900 757 1956; x_wconf 89' lang='lat' dir='ltr'>implicare</span> <span class='ocrx_word' id='word_1_158' title='bbox 784 1901 976 1951; x_wconf 86' lang='lat' dir='ltr'>voluisse,</span> <span class='ocrx_word' id='word_1_159' title='bbox 1001 1916 1052 1941; x_wconf 88' lang='lat' dir='ltr'>ne</span> <span class='ocrx_word' id='word_1_160' title='bbox 1080 1899 1183 1955; x_wconf 90' lang='lat' dir='ltr'>quid</span> <span class='ocrx_word' id='word_1_161' title='bbox 1210 1900 1358 1940; x_wconf 83' lang='lat' dir='ltr'>auxilii</span> <span class='ocrx_word' id='word_1_162' title='bbox 1385 1916 1411 1941; x_wconf 91' lang='lat' dir='ltr'>a</span> 
     </span>
     <span class='ocr_line' id='line_1_27' title="bbox 215 1968 803 2023; baseline 0.003 -16"><span class='ocrx_word' id='word_1_163' title='bbox 215 1968 419 2008; x_wconf 87' lang='lat' dir='ltr'>Romanis</span> <span class='ocrx_word' id='word_1_164' title='bbox 439 1983 603 2023; x_wconf 87' lang='lat' dir='ltr'>sperare</span> <span class='ocrx_word' id='word_1_165' title='bbox 623 1973 803 2023; x_wconf 89' lang='lat' dir='ltr'>possent.</span> 
     </span>
    </p>

    <p class='ocr_par' dir='ltr' id='par_1_6' title="bbox 216 2034 1468 2225">
     <span class='ocr_line' id='line_1_28' title="bbox 301 2034 1408 2091; baseline 0.001 -17"><span class='ocrx_word' id='word_1_166' title='bbox 301 2039 347 2075; x_wconf 86' lang='lat' dir='ltr'>at</span> <span class='ocrx_word' id='word_1_167' title='bbox 381 2035 542 2075; x_wconf 88' lang='lat' dir='ltr'>Romae</span> <span class='ocrx_word' id='word_1_168' title='bbox 572 2034 823 2089; x_wconf 85' lang='lat' dir='ltr'>legatorum,</span> <span class='ocrx_word' id='word_1_169' title='bbox 853 2036 926 2091; x_wconf 92' lang='lat' dir='ltr'>qui</span> <span class='ocrx_word' id='word_1_170' title='bbox 958 2035 1125 2075; x_wconf 92' lang='lat' dir='ltr'>Fidenis</span> <span class='ocrx_word' id='word_1_171' title='bbox 1160 2035 1265 2075; x_wconf 88' lang='lat' dir='ltr'>caesi</span> <span class='ocrx_word' id='word_1_172' title='bbox 1297 2041 1408 2085; x_wconf 87' lang='lat' dir='ltr'>sunt,</span> 
     </span>
     <span class='ocr_line' id='line_1_29' title="bbox 216 2101 1468 2157; baseline 0 -16"><span class='ocrx_word' id='word_1_173' title='bbox 216 2106 380 2142; x_wconf 87' lang='lat' dir='ltr'>statuae</span> <span class='ocrx_word' id='word_1_174' title='bbox 427 2101 594 2156; x_wconf 88' lang='lat' dir='ltr'>publice</span> <span class='ocrx_word' id='word_1_175' title='bbox 641 2102 683 2142; x_wconf 89' lang='lat' dir='ltr'>in</span> <span class='ocrx_word' id='word_1_176' title='bbox 724 2103 889 2143; x_wconf 89' lang='lat' dir='ltr'>Rostris</span> <span class='ocrx_word' id='word_1_177' title='bbox 936 2102 1098 2157; x_wconf 87' lang='lat' dir='ltr'>positae</span> <span class='ocrx_word' id='word_1_178' title='bbox 1130 2106 1254 2142; x_wconf 77' lang='lat' dir='ltr'>sunt.</span> <span class='ocrx_word' id='word_1_179' title='bbox 1316 2117 1406 2142; x_wconf 76' lang='lat' dir='ltr'>cun}</span> <span class='ocrx_word' id='word_1_180' title='bbox 1433 2117 1468 2150; x_wconf 84' lang='lat'>15</span> 
     </span>
     <span class='ocr_line' id='line_1_30' title="bbox 218 2169 1412 2225; baseline -0.002 -15"><span class='ocrx_word' id='word_1_181' title='bbox 218 2169 459 2210; x_wconf 88' lang='lat' dir='ltr'>Veientibus</span> <span class='ocrx_word' id='word_1_182' title='bbox 494 2171 528 2209; x_wconf 86' lang='lat' dir='ltr'>F</span> <span class='ocrx_word' id='word_1_183' title='bbox 531 2169 867 2225; x_wconf 77' lang='lat' dir='ltr'>idenatibusque,</span> <span class='ocrx_word' id='word_1_184' title='bbox 896 2185 923 2210; x_wconf 90' lang='lat' dir='ltr'>a</span> <span class='ocrx_word' id='word_1_185' title='bbox 952 2185 1075 2210; x_wconf 86' lang='lat' dir='ltr'>causa</span> <span class='ocrx_word' id='word_1_186' title='bbox 1105 2174 1192 2209; x_wconf 90' lang='lat' dir='ltr'>tam</span> <span class='ocrx_word' id='word_1_187' title='bbox 1230 2169 1412 2209; x_wconf 86' lang='lat' dir='ltr'>nefanda</span> 
     </span>
    </p>
   </div>
   <div class='ocr_carea' id='block_1_6' title="bbox 323 2254 1302 2290">
    <p class='ocr_par' dir='ltr' id='par_1_7' title="bbox 323 2254 1302 2290">
     <span class='ocr_line' id='line_1_31' title="bbox 323 2254 1302 2290; baseline 0 -1"><span class='ocrx_word' id='word_1_188' title='bbox 323 2265 355 2289; x_wconf 82' lang='lat' dir='ltr'>E.</span> <span class='ocrx_word' id='word_1_189' title='bbox 382 2265 420 2290; x_wconf 82' lang='grc' dir='ltr'>Π.</span> <span class='ocrx_word' id='word_1_190' title='bbox 1281 2254 1302 2289; x_wconf 82' lang='lat'>2</span> 
     </span>
    </p>
   </div>
  </div>
 </body>
</html>
