1716 2542
671 72 898 122 General
927 73 1089 122 lVotes
1405 79 1466 121 55

370 193 418 235 (ii)
464 193 501 224 in
523 193 711 234 dependent
735 193 926 232 questions:

411 258 464 289 dic
487 268 638 299 propere,
665 268 748 298 quas
772 257 914 289 insidias
937 258 984 290 sic
1008 260 1151 290 mineris.
1198 258 1229 296 2,
1255 258 1305 289 38.

411 311 508 343 timet
530 320 658 350 rogate,
686 314 761 341 uter
784 310 958 341 Porsenna
981 315 1071 341 esset.
1118 311 1147 347 2,
1174 311 1226 340 21.

411 365 495 397 scire
510 365 597 402 volo,
615 368 732 396 utrum
748 364 789 396 ad
805 364 940 396 hostem
957 374 1000 395 an
1014 364 1056 396 ad
1069 364 1177 395 filium
1191 366 1342 396 venerim.
1372 365 1402 400 8,
1415 363 1465 395 19.

411 418 562 457 memini,
589 417 669 457 quid
692 417 728 448 in
751 417 814 448 hae
838 417 919 448 urbe
935 419 1067 457 factum
1089 419 1143 447 sit.
1190 419 1218 449 7.
1248 418 1298 449 17.

370 492 434 532 (iii)
479 492 516 522 in
548 491 766 524 subordinate
790 490 918 522 clauses
941 490 978 521 of
998 492 1105 522 oratio
1128 491 1262 531 obliqua
1285 501 1322 523 or
1345 491 1467 523 virtual

454 547 561 577 oratio
584 547 740 586 obliqua:

412 609 493 641 dicit
516 609 563 640 eis
586 618 658 640 esse
681 618 767 647 quae
790 610 917 639 secreto
940 617 1036 646 agere
1058 610 1149 639 velit.
1197 611 1226 648 7,
1254 611 1284 641 9.

412 662 543 694 venisse
560 665 692 701 tempus
708 660 875 701 putabant
891 661 1112 701 recuperandi
1137 662 1211 692 iura
1227 671 1312 701 quae
1335 664 1468 693 extorta

497 720 610 747 essent.
659 714 689 751 6,
714 715 766 745 24.

412 769 518 809 (dicit)
537 778 580 808 se,
596 778 673 800 eum
689 778 774 807 opus
790 770 834 799 sit
851 767 988 805 auxilio,
1003 768 1138 808 signum
1153 767 1324 799 daturum.
1350 769 1400 807 16,
1415 770 1466 799 11.

411 822 585 854 civitatem
607 820 787 860 increpuit,
812 820 901 859 quod
924 820 1057 851 hostem
1082 822 1244 852 timerent.
1292 821 1342 855 15,
1367 822 1420 852 22.

411 876 478 908 nisi
500 880 700 915 coyerentm,
728 884 878 913 pugnam
901 873 986 904 inire
1008 873 1182 905 nolebant.
1229 874 1279 913 12,
1307 875 1359 907 30.

711 1011 752 1043 G.
797 1014 1027 1043 INFINI'I'IVE.

348 1089 419 1120 The
435 1088 525 1119 chief
538 1097 614 1119 uses
630 1088 667 1119 of
680 1087 738 1118 the
755 1086 928 1118 Infinitive
944 1096 1060 1118 arez—-

286 1166 329 1206 (1)
375 1167 549 1196 Infinitive
572 1173 612 1196 as
636 1167 792 1203 subject:

412 1233 446 1261 et
461 1230 577 1269 faeere
598 1231 631 1260 et
649 1230 726 1267 paci
750 1227 851 1259 fortia
874 1228 1069 1258 Romanum
1091 1230 1153 1260 est.
1205 1229 1236 1265 2,
1260 1228 1313 1259 30.

412 1283 499 1315 mihi
521 1283 662 1315 domum
685 1285 776 1314 abire
799 1283 837 1313 in
860 1283 976 1313 animo
998 1285 1059 1313 est.
1105 1283 1136 1318 7,
1161 1282 1213 1312 20.

411 1337 626 1369 Fidenatium
649 1336 774 1376 populo
797 1336 951 1366 rebellare
974 1335 1114 1375 placuit.
1162 1335 1211 1371 15,
1238 1335 1287 1368 10.

286 1425 328 1467 (2)
375 1426 549 1456 Infinitive
572 1432 612 1454 as
635 1424 825 1460 predicate,
848 1420 902 1451 i.e.
920 1421 978 1451 the
1001 1421 1151 1452 Historic
1174 1423 1359 1462 Infinitive,
1379 1423 1473 1454 often

498 1476 580 1508 used
603 1475 640 1506 in
663 1474 771 1514 rapid,
796 1474 936 1514 graphio
959 1475 1210 1515 descriptions:

412 1541 525 1573 exules
549 1539 708 1571 ferociter
730 1540 855 1570 invehi.
902 1540 932 1576 4,
958 1540 1009 1570 30.

412 1595 542 1626 interea
565 1593 633 1624 alia,
655 1592 741 1624 bella
766 1594 901 1625 instare.
951 1596 981 1632 9,
1004 1594 1034 1624 2.

413 1648 568 1679 Faliscus
585 1657 716 1688 poscere
740 1655 902 1685 pugnam.
950 1648 1001 1684 12,
1028 1648 1078 1679 10.

285 1741 330 1778 (3)
375 1739 578 1769 Accusative
607 1739 677 1768 and.
707 1738 892 1772 Infinitive,
925 1736 1008 1766 used
1039 1735 1122 1767 with
1149 1736 1244 1768 verbs
1275 1737 1312 1768 of
1339 1738 1469 1779 sayiny,

501 1791 667 1829 tlzt'rzkiny,
687 1791 890 1830 perceiviny,
913 1789 980 1820 and
1004 1789 1062 1821 the
1084 1789 1174 1823 like:

352 1892 355 1893 ⁷
414 1854 524 1886 dixere
547 1853 638 1885 fame
661 1864 692 1884 se
712 1855 796 1893 peti.
844 1853 872 1892 6,
901 1854 953 1886 37.

414 1907 644 1947 querebantur
667 1912 808 1938 ventrem
830 1907 1060 1947 voluptatibus
1077 1909 1164 1947 frui.
1210 1909 1240 1945 5,
1267 1909 1319 1940 15.

413 1971 485 1992 suos
509 1960 680 2001 perculsos
704 1960 815 1992 cedere
839 1960 935 1991 vidit.
981 1961 1012 2000 4,
1039 1961 1089 1992 31.

413 2014 581 2054 putabant
599 2015 726 2053 plebem
749 2023 867 2053 pacem
891 2018 1100 2053 accepturam
1123 2024 1202 2045 esse.
1248 2015 1278 2051 1,
1303 2015 1334 2046 8.

413 2068 530 2098 urbem
553 2077 585 2098 se
607 2072 867 2107 eaepztynaturum
890 2078 954 2098 esse
979 2067 1146 2108 sperabat.
1194 2069 1224 2104 2,
1249 2069 1278 2099 4.

415 2125 570 2152 trecentos
593 2130 650 2151 sea:
668 2122 793 2160 perisse
816 2123 962 2151 constat.
1010 2122 1060 2159 10,
1088 2122 1139 2152 41.

413 2173 572 2214 apparuit
594 2178 734 2204 ventrem
756 2173 851 2204 haud
875 2183 1012 2213 segnem
1033 2184 1111 2206 esse.
1158 2176 1188 2211 5,
1213 2175 1264 2205 22.
