1716 2542
228 134 248 174 1
259 134 285 174 2
675 124 969 173 Coriolanus

224 263 354 302 pavor
375 247 512 303 primo
533 263 600 288 eos
626 247 815 303 perculit.
877 247 1026 287 deinde
1056 248 1292 302 indignatio
1321 252 1414 287 orta

223 321 296 355 est.
359 320 593 370 queruntur
628 331 682 364 se,
714 320 762 355 ut
798 315 1030 364 sceleratos,
1060 316 1175 355 festis
1215 315 1361 355 diebus
1390 331 1415 355 a

224 384 423 424 societate
437 384 653 423 hominum
675 383 931 438 deorumque
945 383 1083 438 pulsos
1097 400 1192 424 esse.
1244 383 1413 424 domum

168 472 209 504 30
226 466 486 507 praegressus
515 450 681 491 Tullius
712 466 780 491 eos
810 452 1001 506 excepit3
1031 456 1073 491 et
1103 456 1240 492 totam
1274 451 1415 491 multi-

228 518 416 559 tudinem
439 519 482 558 in
510 533 704 574 campum
733 517 869 559 duxit.
932 518 1005 567 ibi,
1027 519 1259 559 orationem
1288 533 1417 567 orsus,

229 591 383 626 veteres
424 585 568 641 populi
616 586 797 625 Romani
846 586 1017 625 iniurias
1061 585 1414 626 commemoravit.

228 659 318 695 tum
362 654 514 694 ‘hanc'
561 654 703 709 inquit
750 654 1069 694 ‘contumeliam
1118 668 1202 709 quo
1246 652 1416 693 tandem

228 724 369 763 animo
390 723 538 763 fertis?
596 737 733 763 nonne
761 722 942 762 sensistis
963 723 1272 777 triumphatum
1295 721 1418 762 hodie

172 809 210 841 35
229 792 280 832 de
301 792 421 832 nobis
449 794 564 831 esse?
623 806 694 830 vos
722 790 915 831 omnibus
937 791 1139 831 Romanis
1165 795 1208 830 et
1229 790 1418 830 finitimis

231 860 396 916 populis
421 860 621 901 abeuntes
650 859 886 915 spectaculo
914 859 1062 899 fuistis.
1124 858 1280 899 bellum
1303 856 1420 897 vobis

232 928 437 968 indictum
473 931 549 977 est,
583 942 736 981 magno
771 942 913 966 eorum
950 926 1077 975 malo,
1111 926 1183 981 qui
1220 925 1419 975 indixere,

231 997 263 1036 si
286 997 361 1036 viri
385 996 508 1036 estis?
568 995 629 1035 ita
650 1000 692 1035 et
709 1010 782 1034 sua
797 999 947 1049 sponte
964 995 1048 1034 irae
1064 994 1177 1049 pleni
1194 998 1238 1034 et
1253 994 1420 1034 incitati

232 1064 377 1105 domos
413 1063 508 1103 inde
539 1063 688 1103 abiere.
750 1062 1091 1118 stimulandoque
1121 1078 1214 1102 suos
1247 1062 1422 1117 quisque

173 1154 215 1183 40
234 1132 425 1188 populos,
441 1132 604 1171 effecere
625 1136 673 1171 ut
690 1145 811 1170 omne
828 1130 1020 1170 Volscum
1042 1145 1193 1170 nomen
1216 1130 1419 1170 deficeret.

319 1201 589 1255 imperatores
639 1199 680 1238 in
729 1214 777 1238 eo
824 1198 934 1239 bello
984 1198 1080 1238 lecti
1129 1203 1227 1238 sunt
1273 1198 1422 1238 Attius

233 1269 399 1309 Tullius
438 1273 481 1308 et
523 1267 782 1315 (¹0riolam1s,
822 1267 917 1307 exul
959 1268 1186 1307 Romanus
1263 1267 1305 1306 in
1346 1266 1423 1306 hoc

235 1337 328 1392 plus
362 1337 448 1392 spei
485 1337 696 1391 positum3
737 1351 861 1390 quam
900 1351 981 1375 non
1021 1335 1182 1375 fefellit.
1245 1335 1424 1374 Circeios

236 1406 460 1461 profectus,
481 1404 648 1443 colonos
670 1403 765 1443 inde
790 1405 1003 1443 Romanos
1031 1403 1220 1458 expulit;
1251 1418 1424 1458 eamque

177 1493 216 1526 45
238 1472 380 1512 urbem
424 1471 577 1511 Volscis
612 1470 803 1512 tradidit.
866 1470 962 1510 inde
1002 1471 1044 1510 in
1082 1470 1281 1510 Latinam
1316 1471 1422 1509 viam

237 1546 526 1593 transgressus,
567 1539 785 1589 Satricani,
823 1538 1023 1586 Coriolos,
1063 1542 1106 1577 et
1146 1537 1229 1577 alia
1269 1536 1427 1592 oppida

238 1609 439 1649 Romanis
460 1606 631 1647 ademit.
692 1606 884 1662 deinceps
906 1607 1143 1655 Lavinium,
1161 1605 1425 1654 Corbionem,

239 1677 431 1724 Labicos,
479 1675 634 1715 Pedum
683 1675 807 1730 cepit.
878 1679 1132 1729 postremum
1181 1672 1235 1713 ad
1282 1672 1424 1712 urbem

241 1744 527 1799 proficiscitur.
589 1742 641 1782 ad
669 1743 795 1782 fossas
824 1741 1010 1790 Cluilias,
1031 1741 1217 1796 quinque
1244 1741 1299 1781 ab
1326 1740 1428 1781 urbe

184 1813 356 1865 501nilia
403 1826 611 1866 passuum,
660 1811 804 1851 castris
851 1810 1011 1866 positis,
1057 1810 1287 1865 populatur
1333 1810 1429 1850 inde

240 1894 386 1933 agrum
428 1881 679 1918 Romanum.
760 1878 934 1933 Spurius
974 1879 1154 1918 Nautius
1197 1882 1240 1918 et
1281 1880 1429 1918 Sextus

245 1948 391 1986 Furius
441 1951 531 1986 tum
584 1945 769 1985 consules
823 1950 955 1985 erant.
1045 1961 1126 1995 eos,
1177 1951 1430 1985 recensentes

243 2016 423 2069 legiones
467 2018 511 2053 et
556 2013 761 2068 praesidia
810 2028 883 2067 per
934 2028 1070 2052 muros
1119 2012 1429 2061 distribuentes,

246 2081 477 2122 multitudo
514 2082 656 2134 ingens
690 2096 830 2135 pacem
864 2081 1121 2135 poscentium
1156 2081 1319 2120 terruit.
1380 2081 1432 2121 de

189 2150 393 2203 55legatis
439 2149 490 2188 ad
540 2149 806 2188 Coriolanum
857 2147 1073 2187 mittendis
1119 2148 1291 2200 agitare.
1354 2149 1432 2187 hoc

245 2222 494 2273 acceperunt
543 2221 700 2272 patres;
753 2217 945 2270 missique
991 2216 1042 2256 de
1090 2232 1188 2271 pace
1235 2216 1287 2256 ad
1338 2232 1429 2257 eum
