1716 2542
735 81 1028 129 Coriolanus
1418 85 1440 126 1
1449 85 1476 126 3

284 209 482 244 oratores.
543 208 666 244 atrox
707 217 949 258 responsum
991 201 1261 242 rettulerunt.
1324 201 1475 241 iterum

284 271 435 311 deinde
474 270 600 311 iidem
642 271 753 311 missi
801 285 884 310 non
932 270 1192 324 recipiuntur
1238 269 1280 309 in
1328 273 1475 308 eastra.

284 339 517 380 sacerdotes
537 354 705 394 quoque
726 339 803 379 isse
823 337 1029 394 supplices
1050 336 1102 377 ad
1129 341 1265 377 castra
1292 336 1476 376 hostium

284 406 492 448 traditum
539 412 627 454 θεῖς
677 407 748 448 sed
795 406 929 446 nihilo
976 405 1107 460 magis
1150 420 1277 459 quam
1318 403 1477 458 legatos
1496 412 1538 443 60

285 475 444 515 flexisse
473 475 672 515 animum.

362 675 566 728 Embassy
596 673 651 727 of
671 673 833 712 Roman
864 676 1045 711 matrem·
1074 671 1227 711 headecl
1257 672 1307 726 by
1338 671 1402 712 the

300 742 453 782 mother
483 741 538 796 qf'
561 740 815 781 Coriolanum.
878 741 947 779 He
977 740 1119 780 retires
1129 739 1257 793 from
1287 739 1463 780 Latium.

373 879 412 920 8.
474 882 565 918 tum
588 881 804 917 matronae
820 874 875 915 ad
890 873 1121 923 Veturiam,
1138 879 1315 915 matrem
1338 875 1481 915 Corio-

287 946 386 996 lani,
419 945 771 999 Volumniamque
801 957 973 983 uxorem
1009 947 1174 983 coeunt.
1235 943 1402 983 effecere
1434 948 1482 984 ut

287 1020 331 1056 et
351 1015 525 1056 Veturia
546 1013 695 1054 mulier
714 1011 868 1053 nobilis
889 1016 933 1052 et
953 1011 1192 1060 Volumnia,
1207 1010 1311 1051 duos
1332 1027 1482 1067 parvos

288 1084 394 1124 filios
425 1098 562 1124 secum
591 1082 740 1131 ferens,
761 1081 804 1121 in
833 1085 969 1121 castra
988 1080 1175 1120 hostium
1204 1079 1324 1120 irent.
1388 1095 1482 1120 eum

287 1154 413 1193 armis
444 1152 522 1192 viri
553 1150 773 1192 defendere
805 1149 949 1191 urbem
972 1164 1057 1190 non
1085 1153 1268 1204 possent,
1291 1148 1483 1189 mulieres
1504 1165 1520 1199 5

287 1222 479 1278 precibus
495 1221 759 1275 lacrimisque
774 1234 865 1259 eam
882 1233 1043 1259 servare
1059 1222 1277 1258 conantur.
1340 1217 1412 1258 ubi
1429 1216 1483 1258 ad

288 1295 425 1331 castra
444 1294 618 1330 ventum
639 1293 715 1339 est,
738 1287 983 1328 nuntiatum
1004 1290 1067 1326 est
1092 1284 1317 1326 Coriolano
1344 1284 1485 1325 adesse

288 1359 434 1413 ingens
483 1357 705 1398 mulierum
755 1370 918 1410 agmen.
984 1355 1136 1410 primo,
1186 1358 1237 1394 ut
1286 1353 1360 1409 qui
1410 1368 1484 1393 nec

288 1426 458 1482 publica
489 1426 708 1465 maiestate
742 1423 978 1479 legatorum
1014 1438 1090 1463 nec
1123 1421 1387 1463 sacerdotum
1423 1437 1485 1462 re-

288 1494 444 1549 ligione
480 1497 619 1533 motus
658 1496 778 1541 esset,
820 1491 956 1531 multo
996 1490 1252 1531 obstinatior
1290 1489 1485 1530 adversus
1508 1505 1546 1527 10

288 1562 479 1603 lacrimas
529 1559 751 1601 mulierum
801 1563 903 1600 erat.
994 1558 1090 1599 dein
1142 1557 1259 1598 miles
1311 1557 1484 1613 quidam

289 1631 504 1671 Veturiam
545 1632 799 1683 cognoverat
834 1626 1047 1666 maestitia
1082 1626 1193 1666 inter
1231 1630 1387 1666 ceteras
1422 1625 1485 1665 in-

289 1700 463 1754 signem,
493 1698 605 1738 inter
643 1711 795 1736 nurum
831 1699 1088 1750 nepotesque
1121 1698 1317 1735 stantem.
1380 1694 1484 1734 ‘nisi

290 1769 367 1809 me'
387 1768 529 1822 inquit
548 1770 559 1789 ‘
575 1765 793 1820 decipiunt
814 1763 937 1813 oculi,
960 1767 1095 1803 mater
1115 1762 1196 1804 tibi
1226 1777 1414 1817 uxorque
1441 1766 1485 1802 et

289 1835 409 1876 liberi
431 1833 613 1874 adsunt?
1507 1847 1544 1880 15

377 1902 638 1951 Coriolanus,
667 1915 797 1956 prope
826 1904 875 1940 ut
902 1914 1044 1939 amens
1071 1903 1376 1949 consternatus,
1397 1913 1484 1938 ma-

290 1977 397 2013 trem
418 1970 710 2026 complexurus
738 1973 840 2009 erat.
902 1967 989 2019 illa,
1011 1968 1054 2008 in
1083 1968 1187 2008 iram
1216 1983 1266 2008 ex
1294 1967 1485 2024 precibus

290 2055 419 2090 versa,
469 2039 580 2080 dixit
596 2042 676 2080 :—‘
691 2038 935 2093 priusquam
991 2036 1257 2092 complexum
1311 2036 1485 2091 accipi0‚

290 2110 391 2150 scire
413 2108 508 2147 volo
536 2112 678 2147 utrum
707 2105 762 2146 ad
791 2106 954 2146 hostem
982 2120 1036 2145 an
1057 2104 1112 2145 ad
1133 2104 1266 2145 filium
1288 2105 1482 2145 venerim.

292 2177 334 2216 in
354 2176 434 2216 hoc
460 2190 525 2215 me
552 2174 680 2230 longa
701 2174 790 2214 vita
817 2174 964 2218 traxit.
986 2177 1036 2213 ut
1063 2172 1226 2213 exulem
1256 2177 1312 2222 te,
1333 2171 1484 2212 deinde
1505 2190 1545 2212 20
